%YAML 1.1
%TAG !u! tag:unity3d.com,2011:
--- !u!1 &149450926
GameObject:
  m_ObjectHideFlags: 0
  m_CorrespondingSourceObject: {fileID: 0}
  m_PrefabInstance: {fileID: 0}
  m_PrefabAsset: {fileID: 0}
  serializedVersion: 6
  m_Component:
  - component: {fileID: 149450927}
  - component: {fileID: 149450930}
  - component: {fileID: 149450929}
  - component: {fileID: 149450928}
  m_Layer: 4
  m_Name: Main CameraBeach
  m_TagString: MainCamera
  m_Icon: {fileID: 0}
  m_NavMeshLayer: 0
  m_StaticEditorFlags: 2147483647
  m_IsActive: 1
--- !u!4 &149450927
Transform:
  m_ObjectHideFlags: 0
  m_CorrespondingSourceObject: {fileID: 0}
  m_PrefabInstance: {fileID: 0}
  m_PrefabAsset: {fileID: 0}
  m_GameObject: {fileID: 149450926}
  m_LocalRotation: {x: -0, y: -0.999762, z: -0.021814799, w: 0}
  m_LocalPosition: {x: -0.21, y: 1.03, z: 5}
  m_LocalScale: {x: 1, y: 1, z: 1}
  m_ConstrainProportionsScale: 0
  m_Children: []
  m_Father: {fileID: 1629954212807063369}
  m_RootOrder: 8
  m_LocalEulerAnglesHint: {x: -2.5, y: -180, z: 0}
--- !u!20 &149450930
Camera:
  m_ObjectHideFlags: 0
  m_CorrespondingSourceObject: {fileID: 0}
  m_PrefabInstance: {fileID: 0}
  m_PrefabAsset: {fileID: 0}
  m_GameObject: {fileID: 149450926}
  m_Enabled: 1
  serializedVersion: 2
  m_ClearFlags: 1
  m_BackGroundColor: {r: 0.19215687, g: 0.3019608, b: 0.4745098, a: 0}
  m_projectionMatrixMode: 1
  m_GateFitMode: 2
  m_FOVAxisMode: 0
  m_SensorSize: {x: 36, y: 24}
  m_LensShift: {x: 0, y: 0}
  m_FocalLength: 50
  m_NormalizedViewPortRect:
    serializedVersion: 2
    x: 0
    y: 0
    width: 1
    height: 1
  near clip plane: 0.1
  far clip plane: 1000
  field of view: 51
  orthographic: 0
  orthographic size: 5
  m_Depth: -1
  m_CullingMask:
    serializedVersion: 2
    m_Bits: 4294967295
  m_RenderingPath: -1
  m_TargetTexture: {fileID: 0}
  m_TargetDisplay: 0
  m_TargetEye: 3
  m_HDR: 1
  m_AllowMSAA: 1
  m_AllowDynamicResolution: 0
  m_ForceIntoRT: 0
  m_OcclusionCulling: 1
  m_StereoConvergence: 10
  m_StereoSeparation: 0.022
--- !u!114 &149450929
MonoBehaviour:
  m_ObjectHideFlags: 0
  m_CorrespondingSourceObject: {fileID: 0}
  m_PrefabInstance: {fileID: 0}
  m_PrefabAsset: {fileID: 0}
  m_GameObject: {fileID: 149450926}
  m_Enabled: 1
  m_EditorHideFlags: 0
  m_Script: {fileID: 11500000, guid: 948f4100a11a5c24981795d21301da5c, type: 3}
  m_Name: 
  m_EditorClassIdentifier: 
  volumeTrigger: {fileID: 149450927}
  volumeLayer:
    serializedVersion: 2
    m_Bits: 16
  stopNaNPropagation: 1
  finalBlitToCameraTarget: 1
  antialiasingMode: 2
  temporalAntialiasing:
    jitterSpread: 0.75
    sharpness: 0.25
    stationaryBlending: 0.95
    motionBlending: 0.85
  subpixelMorphologicalAntialiasing:
    quality: 2
  fastApproximateAntialiasing:
    fastMode: 0
    keepAlpha: 0
  fog:
    enabled: 1
    excludeSkybox: 1
  debugLayer:
    lightMeter:
      width: 512
      height: 256
      showCurves: 1
    histogram:
      width: 512
      height: 256
      channel: 3
    waveform:
      exposure: 0.12
      height: 256
    vectorscope:
      size: 256
      exposure: 0.12
    overlaySettings:
      linearDepth: 0
      motionColorIntensity: 4
      motionGridSize: 64
      colorBlindnessType: 0
      colorBlindnessStrength: 1
  m_Resources: {fileID: 11400000, guid: d82512f9c8e5d4a4d938b575d47f88d4, type: 2}
  m_ShowToolkit: 0
  m_ShowCustomSorter: 0
  breakBeforeColorGrading: 0
  m_BeforeTransparentBundles: []
  m_BeforeStackBundles: []
  m_AfterStackBundles: []
--- !u!114 &149450928
MonoBehaviour:
  m_ObjectHideFlags: 0
  m_CorrespondingSourceObject: {fileID: 0}
  m_PrefabInstance: {fileID: 0}
  m_PrefabAsset: {fileID: 0}
  m_GameObject: {fileID: 149450926}
  m_Enabled: 1
  m_EditorHideFlags: 0
  m_Script: {fileID: 11500000, guid: 8b9a305e18de0c04dbd257a21cd47087, type: 3}
  m_Name: 
  m_EditorClassIdentifier: 
  sharedProfile: {fileID: 11400000, guid: 9d362a61710cf044292776773d8b8449, type: 2}
  isGlobal: 1
  blendDistance: 0
  weight: 1
  priority: 1
--- !u!1 &155587645
GameObject:
  m_ObjectHideFlags: 0
  m_CorrespondingSourceObject: {fileID: 0}
  m_PrefabInstance: {fileID: 0}
  m_PrefabAsset: {fileID: 0}
  serializedVersion: 6
  m_Component:
  - component: {fileID: 155587647}
  - component: {fileID: 155587646}
  m_Layer: 0
  m_Name: Directional Light (4)
  m_TagString: Untagged
  m_Icon: {fileID: 0}
  m_NavMeshLayer: 0
  m_StaticEditorFlags: 2147483647
  m_IsActive: 1
--- !u!4 &155587647
Transform:
  m_ObjectHideFlags: 0
  m_CorrespondingSourceObject: {fileID: 0}
  m_PrefabInstance: {fileID: 0}
  m_PrefabAsset: {fileID: 0}
  m_GameObject: {fileID: 155587645}
  m_LocalRotation: {x: 0.0721967, y: -0.8557004, z: 0.40916556, w: 0.30846098}
  m_LocalPosition: {x: 4.7000017, y: 3, z: 0}
  m_LocalScale: {x: 1, y: 1, z: 1}
  m_ConstrainProportionsScale: 0
  m_Children: []
  m_Father: {fileID: 1629954212807063369}
  m_RootOrder: 6
  m_LocalEulerAnglesHint: {x: 48.141, y: 224.633, z: 11.135}
--- !u!108 &155587646
Light:
  m_ObjectHideFlags: 0
  m_CorrespondingSourceObject: {fileID: 0}
  m_PrefabInstance: {fileID: 0}
  m_PrefabAsset: {fileID: 0}
  m_GameObject: {fileID: 155587645}
  m_Enabled: 1
  serializedVersion: 10
  m_Type: 1
  m_Shape: 0
  m_Color: {r: 1, g: 0.9999916, b: 0.6179246, a: 1}
  m_Intensity: 0.8
  m_Range: 10
  m_SpotAngle: 30
  m_InnerSpotAngle: 21.80208
  m_CookieSize: 10
  m_Shadows:
    m_Type: 0
    m_Resolution: 3
    m_CustomResolution: -1
    m_Strength: 1
    m_Bias: 0.05
    m_NormalBias: 0.4
    m_NearPlane: 0.2
    m_CullingMatrixOverride:
      e00: 1
      e01: 0
      e02: 0
      e03: 0
      e10: 0
      e11: 1
      e12: 0
      e13: 0
      e20: 0
      e21: 0
      e22: 1
      e23: 0
      e30: 0
      e31: 0
      e32: 0
      e33: 1
    m_UseCullingMatrixOverride: 0
  m_Cookie: {fileID: 0}
  m_DrawHalo: 0
  m_Flare: {fileID: 0}
  m_RenderMode: 1
  m_CullingMask:
    serializedVersion: 2
    m_Bits: 4294967295
  m_RenderingLayerMask: 1
  m_Lightmapping: 4
  m_LightShadowCasterMode: 0
  m_AreaSize: {x: 1, y: 1}
  m_BounceIntensity: 1
  m_ColorTemperature: 6570
  m_UseColorTemperature: 0
  m_BoundingSphereOverride: {x: 6.33e-43, y: 9.4e-44, z: 0, w: -0.00000004010323}
  m_UseBoundingSphereOverride: 0
  m_UseViewFrustumForShadowCasterCull: 1
  m_ShadowRadius: 0
  m_ShadowAngle: 0
--- !u!1 &292198623
GameObject:
  m_ObjectHideFlags: 0
  m_CorrespondingSourceObject: {fileID: 0}
  m_PrefabInstance: {fileID: 0}
  m_PrefabAsset: {fileID: 0}
  serializedVersion: 6
  m_Component:
  - component: {fileID: 292198624}
  - component: {fileID: 292198626}
  - component: {fileID: 292198625}
  m_Layer: 0
  m_Name: sea (3)
  m_TagString: Untagged
  m_Icon: {fileID: 0}
  m_NavMeshLayer: 0
  m_StaticEditorFlags: 126
  m_IsActive: 1
--- !u!4 &292198624
Transform:
  m_ObjectHideFlags: 0
  m_CorrespondingSourceObject: {fileID: 0}
  m_PrefabInstance: {fileID: 0}
  m_PrefabAsset: {fileID: 0}
  m_GameObject: {fileID: 292198623}
  m_LocalRotation: {x: 0, y: -0, z: -0, w: 1}
  m_LocalPosition: {x: -0, y: 0.2, z: -64.9}
  m_LocalScale: {x: 0.7912878, y: 1, z: 3.0035744}
  m_ConstrainProportionsScale: 0
  m_Children: []
  m_Father: {fileID: 1629954212807063369}
  m_RootOrder: 14
  m_LocalEulerAnglesHint: {x: 0, y: 0, z: 0}
--- !u!33 &292198626
MeshFilter:
  m_ObjectHideFlags: 0
  m_CorrespondingSourceObject: {fileID: 0}
  m_PrefabInstance: {fileID: 0}
  m_PrefabAsset: {fileID: 0}
  m_GameObject: {fileID: 292198623}
  m_Mesh: {fileID: -6938098055697063911, guid: 40dcc5006401ba64482c780264ee1ca4, type: 3}
--- !u!23 &292198625
MeshRenderer:
  m_ObjectHideFlags: 0
  m_CorrespondingSourceObject: {fileID: 0}
  m_PrefabInstance: {fileID: 0}
  m_PrefabAsset: {fileID: 0}
  m_GameObject: {fileID: 292198623}
  m_Enabled: 1
  m_CastShadows: 0
  m_ReceiveShadows: 0
  m_DynamicOccludee: 1
  m_StaticShadowCaster: 0
  m_MotionVectors: 1
  m_LightProbeUsage: 1
  m_ReflectionProbeUsage: 1
  m_RayTracingMode: 2
  m_RayTraceProcedural: 0
  m_RenderingLayerMask: 1
  m_RendererPriority: 0
  m_Materials:
  - {fileID: 2100000, guid: 2c11c1d1352a670408a78b417a9667a8, type: 2}
  m_StaticBatchInfo:
    firstSubMesh: 0
    subMeshCount: 0
  m_StaticBatchRoot: {fileID: 0}
  m_ProbeAnchor: {fileID: 0}
  m_LightProbeVolumeOverride: {fileID: 0}
  m_ScaleInLightmap: 1
  m_ReceiveGI: 2
  m_PreserveUVs: 0
  m_IgnoreNormalsForChartDetection: 0
  m_ImportantGI: 0
  m_StitchLightmapSeams: 1
  m_SelectedEditorRenderState: 3
  m_MinimumChartSize: 4
  m_AutoUVMaxDistance: 0.5
  m_AutoUVMaxAngle: 89
  m_LightmapParameters: {fileID: 0}
  m_SortingLayerID: 0
  m_SortingLayer: 0
  m_SortingOrder: 0
  m_AdditionalVertexStreams: {fileID: 0}
--- !u!1 &635657779
GameObject:
  m_ObjectHideFlags: 0
  m_CorrespondingSourceObject: {fileID: 0}
  m_PrefabInstance: {fileID: 0}
  m_PrefabAsset: {fileID: 0}
  serializedVersion: 6
  m_Component:
  - component: {fileID: 635657780}
  - component: {fileID: 635657782}
  - component: {fileID: 635657781}
  m_Layer: 0
  m_Name: sea (2)
  m_TagString: Untagged
  m_Icon: {fileID: 0}
  m_NavMeshLayer: 0
  m_StaticEditorFlags: 126
  m_IsActive: 1
--- !u!4 &635657780
Transform:
  m_ObjectHideFlags: 0
  m_CorrespondingSourceObject: {fileID: 0}
  m_PrefabInstance: {fileID: 0}
  m_PrefabAsset: {fileID: 0}
  m_GameObject: {fileID: 635657779}
  m_LocalRotation: {x: 0, y: -0, z: -0, w: 1}
  m_LocalPosition: {x: -0, y: 0.19, z: -64.1}
  m_LocalScale: {x: 0.52008253, y: 1, z: 2.8936737}
  m_ConstrainProportionsScale: 0
  m_Children: []
  m_Father: {fileID: 1629954212807063369}
  m_RootOrder: 13
  m_LocalEulerAnglesHint: {x: 0, y: 0, z: 0}
--- !u!33 &635657782
MeshFilter:
  m_ObjectHideFlags: 0
  m_CorrespondingSourceObject: {fileID: 0}
  m_PrefabInstance: {fileID: 0}
  m_PrefabAsset: {fileID: 0}
  m_GameObject: {fileID: 635657779}
  m_Mesh: {fileID: -6938098055697063911, guid: 40dcc5006401ba64482c780264ee1ca4, type: 3}
--- !u!23 &635657781
MeshRenderer:
  m_ObjectHideFlags: 0
  m_CorrespondingSourceObject: {fileID: 0}
  m_PrefabInstance: {fileID: 0}
  m_PrefabAsset: {fileID: 0}
  m_GameObject: {fileID: 635657779}
  m_Enabled: 1
  m_CastShadows: 0
  m_ReceiveShadows: 0
  m_DynamicOccludee: 1
  m_StaticShadowCaster: 0
  m_MotionVectors: 1
  m_LightProbeUsage: 1
  m_ReflectionProbeUsage: 1
  m_RayTracingMode: 2
  m_RayTraceProcedural: 0
  m_RenderingLayerMask: 1
  m_RendererPriority: 0
  m_Materials:
  - {fileID: 2100000, guid: 2c11c1d1352a670408a78b417a9667a8, type: 2}
  m_StaticBatchInfo:
    firstSubMesh: 0
    subMeshCount: 0
  m_StaticBatchRoot: {fileID: 0}
  m_ProbeAnchor: {fileID: 0}
  m_LightProbeVolumeOverride: {fileID: 0}
  m_ScaleInLightmap: 1
  m_ReceiveGI: 2
  m_PreserveUVs: 0
  m_IgnoreNormalsForChartDetection: 0
  m_ImportantGI: 0
  m_StitchLightmapSeams: 1
  m_SelectedEditorRenderState: 3
  m_MinimumChartSize: 4
  m_AutoUVMaxDistance: 0.5
  m_AutoUVMaxAngle: 89
  m_LightmapParameters: {fileID: 0}
  m_SortingLayerID: 0
  m_SortingLayer: 0
  m_SortingOrder: 0
  m_AdditionalVertexStreams: {fileID: 0}
--- !u!1 &782797302
GameObject:
  m_ObjectHideFlags: 0
  m_CorrespondingSourceObject: {fileID: 0}
  m_PrefabInstance: {fileID: 0}
  m_PrefabAsset: {fileID: 0}
  serializedVersion: 6
  m_Component:
  - component: {fileID: 782797303}
  - component: {fileID: 782797306}
  - component: {fileID: 782797305}
  - component: {fileID: 782797304}
  m_Layer: 0
  m_Name: fakeHorizon (1)
  m_TagString: Untagged
  m_Icon: {fileID: 0}
  m_NavMeshLayer: 0
  m_StaticEditorFlags: 2147483647
  m_IsActive: 1
--- !u!4 &782797303
Transform:
  m_ObjectHideFlags: 0
  m_CorrespondingSourceObject: {fileID: 0}
  m_PrefabInstance: {fileID: 0}
  m_PrefabAsset: {fileID: 0}
  m_GameObject: {fileID: 782797302}
  m_LocalRotation: {x: -0, y: -1, z: -0, w: 0}
  m_LocalPosition: {x: -0.28865, y: -0.37, z: 0.90149}
  m_LocalScale: {x: 35.79, y: 35.79, z: 35.79}
  m_ConstrainProportionsScale: 0
  m_Children: []
  m_Father: {fileID: 1629954212807063369}
  m_RootOrder: 7
  m_LocalEulerAnglesHint: {x: 0, y: 0, z: 0}
--- !u!33 &782797306
MeshFilter:
  m_ObjectHideFlags: 0
  m_CorrespondingSourceObject: {fileID: 0}
  m_PrefabInstance: {fileID: 0}
  m_PrefabAsset: {fileID: 0}
  m_GameObject: {fileID: 782797302}
  m_Mesh: {fileID: 10209, guid: 0000000000000000e000000000000000, type: 0}
--- !u!23 &782797305
MeshRenderer:
  m_ObjectHideFlags: 0
  m_CorrespondingSourceObject: {fileID: 0}
  m_PrefabInstance: {fileID: 0}
  m_PrefabAsset: {fileID: 0}
  m_GameObject: {fileID: 782797302}
  m_Enabled: 1
  m_CastShadows: 0
  m_ReceiveShadows: 0
  m_DynamicOccludee: 1
  m_StaticShadowCaster: 0
  m_MotionVectors: 1
  m_LightProbeUsage: 1
  m_ReflectionProbeUsage: 1
  m_RayTracingMode: 2
  m_RayTraceProcedural: 0
  m_RenderingLayerMask: 1
  m_RendererPriority: 0
  m_Materials:
  - {fileID: 2100000, guid: 5d2a7a6d0daf1454f9ccebdedf99862d, type: 2}
  m_StaticBatchInfo:
    firstSubMesh: 0
    subMeshCount: 0
  m_StaticBatchRoot: {fileID: 0}
  m_ProbeAnchor: {fileID: 0}
  m_LightProbeVolumeOverride: {fileID: 0}
  m_ScaleInLightmap: 1
  m_ReceiveGI: 2
  m_PreserveUVs: 0
  m_IgnoreNormalsForChartDetection: 0
  m_ImportantGI: 0
  m_StitchLightmapSeams: 1
  m_SelectedEditorRenderState: 3
  m_MinimumChartSize: 4
  m_AutoUVMaxDistance: 0.5
  m_AutoUVMaxAngle: 89
  m_LightmapParameters: {fileID: 0}
  m_SortingLayerID: 0
  m_SortingLayer: 0
  m_SortingOrder: 0
  m_AdditionalVertexStreams: {fileID: 0}
--- !u!64 &782797304
MeshCollider:
  m_ObjectHideFlags: 0
  m_CorrespondingSourceObject: {fileID: 0}
  m_PrefabInstance: {fileID: 0}
  m_PrefabAsset: {fileID: 0}
  m_GameObject: {fileID: 782797302}
  m_Material: {fileID: 0}
  m_IsTrigger: 0
  m_Enabled: 1
  serializedVersion: 4
  m_Convex: 0
  m_CookingOptions: 30
  m_Mesh: {fileID: 10209, guid: 0000000000000000e000000000000000, type: 0}
--- !u!1 &807413789
GameObject:
  m_ObjectHideFlags: 0
  m_CorrespondingSourceObject: {fileID: 0}
  m_PrefabInstance: {fileID: 0}
  m_PrefabAsset: {fileID: 0}
  serializedVersion: 6
  m_Component:
  - component: {fileID: 807413790}
  - component: {fileID: 807413792}
  - component: {fileID: 807413791}
  m_Layer: 0
  m_Name: sea (4)
  m_TagString: Untagged
  m_Icon: {fileID: 0}
  m_NavMeshLayer: 0
  m_StaticEditorFlags: 126
  m_IsActive: 1
--- !u!4 &807413790
Transform:
  m_ObjectHideFlags: 0
  m_CorrespondingSourceObject: {fileID: 0}
  m_PrefabInstance: {fileID: 0}
  m_PrefabAsset: {fileID: 0}
  m_GameObject: {fileID: 807413789}
  m_LocalRotation: {x: 0, y: -0, z: -0, w: 1}
  m_LocalPosition: {x: -0, y: 0.2, z: -64.9}
  m_LocalScale: {x: 1.3319817, y: 1, z: 3.713319}
  m_ConstrainProportionsScale: 0
  m_Children: []
  m_Father: {fileID: 1629954212807063369}
  m_RootOrder: 15
  m_LocalEulerAnglesHint: {x: 0, y: 0, z: 0}
--- !u!33 &807413792
MeshFilter:
  m_ObjectHideFlags: 0
  m_CorrespondingSourceObject: {fileID: 0}
  m_PrefabInstance: {fileID: 0}
  m_PrefabAsset: {fileID: 0}
  m_GameObject: {fileID: 807413789}
  m_Mesh: {fileID: -6938098055697063911, guid: 40dcc5006401ba64482c780264ee1ca4, type: 3}
--- !u!23 &807413791
MeshRenderer:
  m_ObjectHideFlags: 0
  m_CorrespondingSourceObject: {fileID: 0}
  m_PrefabInstance: {fileID: 0}
  m_PrefabAsset: {fileID: 0}
  m_GameObject: {fileID: 807413789}
  m_Enabled: 1
  m_CastShadows: 0
  m_ReceiveShadows: 0
  m_DynamicOccludee: 1
  m_StaticShadowCaster: 0
  m_MotionVectors: 1
  m_LightProbeUsage: 1
  m_ReflectionProbeUsage: 1
  m_RayTracingMode: 2
  m_RayTraceProcedural: 0
  m_RenderingLayerMask: 1
  m_RendererPriority: 0
  m_Materials:
  - {fileID: 2100000, guid: 2c11c1d1352a670408a78b417a9667a8, type: 2}
  m_StaticBatchInfo:
    firstSubMesh: 0
    subMeshCount: 0
  m_StaticBatchRoot: {fileID: 0}
  m_ProbeAnchor: {fileID: 0}
  m_LightProbeVolumeOverride: {fileID: 0}
  m_ScaleInLightmap: 1
  m_ReceiveGI: 2
  m_PreserveUVs: 0
  m_IgnoreNormalsForChartDetection: 0
  m_ImportantGI: 0
  m_StitchLightmapSeams: 1
  m_SelectedEditorRenderState: 3
  m_MinimumChartSize: 4
  m_AutoUVMaxDistance: 0.5
  m_AutoUVMaxAngle: 89
  m_LightmapParameters: {fileID: 0}
  m_SortingLayerID: 0
  m_SortingLayer: 0
  m_SortingOrder: 0
  m_AdditionalVertexStreams: {fileID: 0}
--- !u!1 &1186873785
GameObject:
  m_ObjectHideFlags: 0
  m_CorrespondingSourceObject: {fileID: 0}
  m_PrefabInstance: {fileID: 0}
  m_PrefabAsset: {fileID: 0}
  serializedVersion: 6
  m_Component:
  - component: {fileID: 1186873787}
  - component: {fileID: 1186873786}
  m_Layer: 0
  m_Name: Directional Light (3)
  m_TagString: Untagged
  m_Icon: {fileID: 0}
  m_NavMeshLayer: 0
  m_StaticEditorFlags: 2147483647
  m_IsActive: 1
--- !u!4 &1186873787
Transform:
  m_ObjectHideFlags: 0
  m_CorrespondingSourceObject: {fileID: 0}
  m_PrefabInstance: {fileID: 0}
  m_PrefabAsset: {fileID: 0}
  m_GameObject: {fileID: 1186873785}
  m_LocalRotation: {x: 0.11405019, y: 0.55648124, z: 0.012706601, w: 0.8228972}
  m_LocalPosition: {x: -4.51, y: 3, z: 0}
  m_LocalScale: {x: 1, y: 1, z: 1}
  m_ConstrainProportionsScale: 0
  m_Children: []
  m_Father: {fileID: 1629954212807063369}
  m_RootOrder: 5
  m_LocalEulerAnglesHint: {x: 9.995, y: 248.893, z: 8.634}
--- !u!108 &1186873786
Light:
  m_ObjectHideFlags: 0
  m_CorrespondingSourceObject: {fileID: 0}
  m_PrefabInstance: {fileID: 0}
  m_PrefabAsset: {fileID: 0}
  m_GameObject: {fileID: 1186873785}
  m_Enabled: 1
  serializedVersion: 10
  m_Type: 1
  m_Shape: 0
  m_Color: {r: 1, g: 0, b: 0.99997807, a: 1}
  m_Intensity: 0.68
  m_Range: 10
  m_SpotAngle: 30
  m_InnerSpotAngle: 21.80208
  m_CookieSize: 10
  m_Shadows:
    m_Type: 0
    m_Resolution: 3
    m_CustomResolution: -1
    m_Strength: 1
    m_Bias: 0.05
    m_NormalBias: 0.4
    m_NearPlane: 0.2
    m_CullingMatrixOverride:
      e00: 1
      e01: 0
      e02: 0
      e03: 0
      e10: 0
      e11: 1
      e12: 0
      e13: 0
      e20: 0
      e21: 0
      e22: 1
      e23: 0
      e30: 0
      e31: 0
      e32: 0
      e33: 1
    m_UseCullingMatrixOverride: 0
  m_Cookie: {fileID: 0}
  m_DrawHalo: 0
  m_Flare: {fileID: 0}
  m_RenderMode: 1
  m_CullingMask:
    serializedVersion: 2
    m_Bits: 4294967295
  m_RenderingLayerMask: 1
  m_Lightmapping: 4
  m_LightShadowCasterMode: 0
  m_AreaSize: {x: 1, y: 1}
  m_BounceIntensity: 1
  m_ColorTemperature: 6570
  m_UseColorTemperature: 0
  m_BoundingSphereOverride: {x: 3.0734807e+32, y: 2.062141e-19, z: 1.7938337e+25, w: 2.0530432e-19}
  m_UseBoundingSphereOverride: 0
  m_UseViewFrustumForShadowCasterCull: 1
  m_ShadowRadius: 0
  m_ShadowAngle: 0
--- !u!1 &1231792698
GameObject:
  m_ObjectHideFlags: 0
  m_CorrespondingSourceObject: {fileID: 0}
  m_PrefabInstance: {fileID: 0}
  m_PrefabAsset: {fileID: 0}
  serializedVersion: 6
  m_Component:
  - component: {fileID: 1231792699}
  - component: {fileID: 1231792701}
  - component: {fileID: 1231792700}
  m_Layer: 0
  m_Name: seaReflectionDark (1)
  m_TagString: Untagged
  m_Icon: {fileID: 0}
  m_NavMeshLayer: 0
  m_StaticEditorFlags: 126
  m_IsActive: 1
--- !u!4 &1231792699
Transform:
  m_ObjectHideFlags: 0
  m_CorrespondingSourceObject: {fileID: 0}
  m_PrefabInstance: {fileID: 0}
  m_PrefabAsset: {fileID: 0}
  m_GameObject: {fileID: 1231792698}
  m_LocalRotation: {x: 0, y: -0, z: -0, w: 1}
  m_LocalPosition: {x: -1.8, y: -0.0075, z: -105.3}
  m_LocalScale: {x: 0.3670653, y: 1, z: 1}
  m_ConstrainProportionsScale: 0
  m_Children: []
  m_Father: {fileID: 1629954212807063369}
  m_RootOrder: 11
  m_LocalEulerAnglesHint: {x: 0, y: 0, z: 0}
--- !u!33 &1231792701
MeshFilter:
  m_ObjectHideFlags: 0
  m_CorrespondingSourceObject: {fileID: 0}
  m_PrefabInstance: {fileID: 0}
  m_PrefabAsset: {fileID: 0}
  m_GameObject: {fileID: 1231792698}
  m_Mesh: {fileID: -1306245272983518034, guid: 40dcc5006401ba64482c780264ee1ca4, type: 3}
--- !u!23 &1231792700
MeshRenderer:
  m_ObjectHideFlags: 0
  m_CorrespondingSourceObject: {fileID: 0}
  m_PrefabInstance: {fileID: 0}
  m_PrefabAsset: {fileID: 0}
  m_GameObject: {fileID: 1231792698}
  m_Enabled: 1
  m_CastShadows: 0
  m_ReceiveShadows: 0
  m_DynamicOccludee: 1
  m_StaticShadowCaster: 0
  m_MotionVectors: 1
  m_LightProbeUsage: 1
  m_ReflectionProbeUsage: 1
  m_RayTracingMode: 2
  m_RayTraceProcedural: 0
  m_RenderingLayerMask: 1
  m_RendererPriority: 0
  m_Materials:
  - {fileID: 2100000, guid: 135d4b9b5eefd694382b539c6900ee95, type: 2}
  m_StaticBatchInfo:
    firstSubMesh: 0
    subMeshCount: 0
  m_StaticBatchRoot: {fileID: 0}
  m_ProbeAnchor: {fileID: 0}
  m_LightProbeVolumeOverride: {fileID: 0}
  m_ScaleInLightmap: 1
  m_ReceiveGI: 1
  m_PreserveUVs: 0
  m_IgnoreNormalsForChartDetection: 0
  m_ImportantGI: 0
  m_StitchLightmapSeams: 1
  m_SelectedEditorRenderState: 3
  m_MinimumChartSize: 4
  m_AutoUVMaxDistance: 0.5
  m_AutoUVMaxAngle: 89
  m_LightmapParameters: {fileID: 0}
  m_SortingLayerID: 0
  m_SortingLayer: 0
  m_SortingOrder: 0
  m_AdditionalVertexStreams: {fileID: 0}
--- !u!1 &1570288938
GameObject:
  m_ObjectHideFlags: 0
  m_CorrespondingSourceObject: {fileID: 0}
  m_PrefabInstance: {fileID: 0}
  m_PrefabAsset: {fileID: 0}
  serializedVersion: 6
  m_Component:
  - component: {fileID: 1570288939}
  - component: {fileID: 1570288941}
  - component: {fileID: 1570288940}
  m_Layer: 0
  m_Name: sea (1)
  m_TagString: Untagged
  m_Icon: {fileID: 0}
  m_NavMeshLayer: 0
  m_StaticEditorFlags: 126
  m_IsActive: 1
--- !u!4 &1570288939
Transform:
  m_ObjectHideFlags: 0
  m_CorrespondingSourceObject: {fileID: 0}
  m_PrefabInstance: {fileID: 0}
  m_PrefabAsset: {fileID: 0}
  m_GameObject: {fileID: 1570288938}
  m_LocalRotation: {x: 0, y: -0, z: -0, w: 1}
  m_LocalPosition: {x: -0, y: 0.2, z: -64.9}
  m_LocalScale: {x: 1.0588931, y: 1, z: 3.0035744}
  m_ConstrainProportionsScale: 0
  m_Children: []
  m_Father: {fileID: 1629954212807063369}
  m_RootOrder: 12
  m_LocalEulerAnglesHint: {x: 0, y: 0, z: 0}
--- !u!33 &1570288941
MeshFilter:
  m_ObjectHideFlags: 0
  m_CorrespondingSourceObject: {fileID: 0}
  m_PrefabInstance: {fileID: 0}
  m_PrefabAsset: {fileID: 0}
  m_GameObject: {fileID: 1570288938}
  m_Mesh: {fileID: -6938098055697063911, guid: 40dcc5006401ba64482c780264ee1ca4, type: 3}
--- !u!23 &1570288940
MeshRenderer:
  m_ObjectHideFlags: 0
  m_CorrespondingSourceObject: {fileID: 0}
  m_PrefabInstance: {fileID: 0}
  m_PrefabAsset: {fileID: 0}
  m_GameObject: {fileID: 1570288938}
  m_Enabled: 1
  m_CastShadows: 0
  m_ReceiveShadows: 0
  m_DynamicOccludee: 1
  m_StaticShadowCaster: 0
  m_MotionVectors: 1
  m_LightProbeUsage: 1
  m_ReflectionProbeUsage: 1
  m_RayTracingMode: 2
  m_RayTraceProcedural: 0
  m_RenderingLayerMask: 1
  m_RendererPriority: 0
  m_Materials:
  - {fileID: 2100000, guid: 2c11c1d1352a670408a78b417a9667a8, type: 2}
  m_StaticBatchInfo:
    firstSubMesh: 0
    subMeshCount: 0
  m_StaticBatchRoot: {fileID: 0}
  m_ProbeAnchor: {fileID: 0}
  m_LightProbeVolumeOverride: {fileID: 0}
  m_ScaleInLightmap: 1
  m_ReceiveGI: 2
  m_PreserveUVs: 0
  m_IgnoreNormalsForChartDetection: 0
  m_ImportantGI: 0
  m_StitchLightmapSeams: 1
  m_SelectedEditorRenderState: 3
  m_MinimumChartSize: 4
  m_AutoUVMaxDistance: 0.5
  m_AutoUVMaxAngle: 89
  m_LightmapParameters: {fileID: 0}
  m_SortingLayerID: 0
  m_SortingLayer: 0
  m_SortingOrder: 0
  m_AdditionalVertexStreams: {fileID: 0}
--- !u!1 &2134951825
GameObject:
  m_ObjectHideFlags: 0
  m_CorrespondingSourceObject: {fileID: 0}
  m_PrefabInstance: {fileID: 0}
  m_PrefabAsset: {fileID: 0}
  serializedVersion: 6
  m_Component:
  - component: {fileID: 2134951826}
  - component: {fileID: 2134951827}
  m_Layer: 0
  m_Name: SunBeach
  m_TagString: Untagged
  m_Icon: {fileID: 0}
  m_NavMeshLayer: 0
  m_StaticEditorFlags: 2147483647
  m_IsActive: 1
--- !u!4 &2134951826
Transform:
  m_ObjectHideFlags: 0
  m_CorrespondingSourceObject: {fileID: 0}
  m_PrefabInstance: {fileID: 0}
  m_PrefabAsset: {fileID: 0}
  m_GameObject: {fileID: 2134951825}
  m_LocalRotation: {x: 0.029386431, y: -0, z: -0, w: 0.9995681}
  m_LocalPosition: {x: 0, y: 3, z: -5.6}
  m_LocalScale: {x: 1, y: 1, z: 1}
  m_ConstrainProportionsScale: 0
  m_Children: []
  m_Father: {fileID: 1629954212807063369}
  m_RootOrder: 4
  m_LocalEulerAnglesHint: {x: 3.368, y: 0, z: 0}
--- !u!108 &2134951827
Light:
  m_ObjectHideFlags: 0
  m_CorrespondingSourceObject: {fileID: 0}
  m_PrefabInstance: {fileID: 0}
  m_PrefabAsset: {fileID: 0}
  m_GameObject: {fileID: 2134951825}
  m_Enabled: 1
  serializedVersion: 10
  m_Type: 1
  m_Shape: 0
  m_Color: {r: 1, g: 0.9529211, b: 0.6179246, a: 1}
  m_Intensity: 0.7
  m_Range: 10
  m_SpotAngle: 30
  m_InnerSpotAngle: 21.80208
  m_CookieSize: 10
  m_Shadows:
    m_Type: 0
    m_Resolution: 3
    m_CustomResolution: -1
    m_Strength: 1
    m_Bias: 0.05
    m_NormalBias: 0.4
    m_NearPlane: 0.2
    m_CullingMatrixOverride:
      e00: 1
      e01: 0
      e02: 0
      e03: 0
      e10: 0
      e11: 1
      e12: 0
      e13: 0
      e20: 0
      e21: 0
      e22: 1
      e23: 0
      e30: 0
      e31: 0
      e32: 0
      e33: 1
    m_UseCullingMatrixOverride: 0
  m_Cookie: {fileID: 0}
  m_DrawHalo: 0
  m_Flare: {fileID: 0}
  m_RenderMode: 1
  m_CullingMask:
    serializedVersion: 2
    m_Bits: 4294967295
  m_RenderingLayerMask: 1
  m_Lightmapping: 4
  m_LightShadowCasterMode: 0
  m_AreaSize: {x: 1, y: 1}
  m_BounceIntensity: 2.75
  m_ColorTemperature: 6570
  m_UseColorTemperature: 0
  m_BoundingSphereOverride: {x: 9.1835e-41, y: 3.5386e-41, z: 1.8e-43, w: 3.9927185e+24}
  m_UseBoundingSphereOverride: 0
  m_UseViewFrustumForShadowCasterCull: 1
  m_ShadowRadius: 0
  m_ShadowAngle: 0
--- !u!1 &4034693028417482847
GameObject:
  m_ObjectHideFlags: 0
  m_CorrespondingSourceObject: {fileID: 0}
  m_PrefabInstance: {fileID: 0}
  m_PrefabAsset: {fileID: 0}
  serializedVersion: 6
  m_Component:
  - component: {fileID: 7363423742188413445}
  - component: {fileID: 2645623964040788859}
  - component: {fileID: 1020482637808066823}
  m_Layer: 0
  m_Name: sea (3)
  m_TagString: Untagged
  m_Icon: {fileID: 0}
  m_NavMeshLayer: 0
  m_StaticEditorFlags: 126
  m_IsActive: 1
--- !u!4 &7363423742188413445
Transform:
  m_ObjectHideFlags: 0
  m_CorrespondingSourceObject: {fileID: 0}
  m_PrefabInstance: {fileID: 0}
  m_PrefabAsset: {fileID: 0}
  m_GameObject: {fileID: 4034693028417482847}
  m_LocalRotation: {x: 0, y: -0, z: -0, w: 1}
  m_LocalPosition: {x: -0, y: 0.2, z: -64.9}
  m_LocalScale: {x: 0.7912878, y: 1, z: 3.0035744}
  m_ConstrainProportionsScale: 0
  m_Children: []
  m_Father: {fileID: 1629954212807063369}
  m_RootOrder: 18
  m_LocalEulerAnglesHint: {x: 0, y: 0, z: 0}
--- !u!33 &2645623964040788859
MeshFilter:
  m_ObjectHideFlags: 0
  m_CorrespondingSourceObject: {fileID: 0}
  m_PrefabInstance: {fileID: 0}
  m_PrefabAsset: {fileID: 0}
  m_GameObject: {fileID: 4034693028417482847}
  m_Mesh: {fileID: -6938098055697063911, guid: 40dcc5006401ba64482c780264ee1ca4, type: 3}
--- !u!23 &1020482637808066823
MeshRenderer:
  m_ObjectHideFlags: 0
  m_CorrespondingSourceObject: {fileID: 0}
  m_PrefabInstance: {fileID: 0}
  m_PrefabAsset: {fileID: 0}
  m_GameObject: {fileID: 4034693028417482847}
  m_Enabled: 1
  m_CastShadows: 0
  m_ReceiveShadows: 0
  m_DynamicOccludee: 1
  m_StaticShadowCaster: 0
  m_MotionVectors: 1
  m_LightProbeUsage: 1
  m_ReflectionProbeUsage: 1
  m_RayTracingMode: 2
  m_RayTraceProcedural: 0
  m_RenderingLayerMask: 1
  m_RendererPriority: 0
  m_Materials:
  - {fileID: 2100000, guid: 2c11c1d1352a670408a78b417a9667a8, type: 2}
  m_StaticBatchInfo:
    firstSubMesh: 0
    subMeshCount: 0
  m_StaticBatchRoot: {fileID: 0}
  m_ProbeAnchor: {fileID: 0}
  m_LightProbeVolumeOverride: {fileID: 0}
  m_ScaleInLightmap: 1
  m_ReceiveGI: 2
  m_PreserveUVs: 0
  m_IgnoreNormalsForChartDetection: 0
  m_ImportantGI: 0
  m_StitchLightmapSeams: 1
  m_SelectedEditorRenderState: 3
  m_MinimumChartSize: 4
  m_AutoUVMaxDistance: 0.5
  m_AutoUVMaxAngle: 89
  m_LightmapParameters: {fileID: 0}
  m_SortingLayerID: 0
  m_SortingLayer: 0
  m_SortingOrder: 0
  m_AdditionalVertexStreams: {fileID: 0}
--- !u!1 &4555981246697065858
GameObject:
  m_ObjectHideFlags: 0
  m_CorrespondingSourceObject: {fileID: 0}
  m_PrefabInstance: {fileID: 0}
  m_PrefabAsset: {fileID: 0}
  serializedVersion: 6
  m_Component:
  - component: {fileID: 6580569504439053554}
  - component: {fileID: 4343777021709171833}
  - component: {fileID: 1615899488962889221}
  m_Layer: 0
  m_Name: sea (1)
  m_TagString: Untagged
  m_Icon: {fileID: 0}
  m_NavMeshLayer: 0
  m_StaticEditorFlags: 126
  m_IsActive: 1
--- !u!4 &6580569504439053554
Transform:
  m_ObjectHideFlags: 0
  m_CorrespondingSourceObject: {fileID: 0}
  m_PrefabInstance: {fileID: 0}
  m_PrefabAsset: {fileID: 0}
  m_GameObject: {fileID: 4555981246697065858}
  m_LocalRotation: {x: 0, y: -0, z: -0, w: 1}
  m_LocalPosition: {x: -0, y: 0.2, z: -64.9}
  m_LocalScale: {x: 1.0588931, y: 1, z: 3.0035744}
  m_ConstrainProportionsScale: 0
  m_Children: []
  m_Father: {fileID: 1629954212807063369}
  m_RootOrder: 16
  m_LocalEulerAnglesHint: {x: 0, y: 0, z: 0}
--- !u!33 &4343777021709171833
MeshFilter:
  m_ObjectHideFlags: 0
  m_CorrespondingSourceObject: {fileID: 0}
  m_PrefabInstance: {fileID: 0}
  m_PrefabAsset: {fileID: 0}
  m_GameObject: {fileID: 4555981246697065858}
  m_Mesh: {fileID: -6938098055697063911, guid: 40dcc5006401ba64482c780264ee1ca4, type: 3}
--- !u!23 &1615899488962889221
MeshRenderer:
  m_ObjectHideFlags: 0
  m_CorrespondingSourceObject: {fileID: 0}
  m_PrefabInstance: {fileID: 0}
  m_PrefabAsset: {fileID: 0}
  m_GameObject: {fileID: 4555981246697065858}
  m_Enabled: 1
  m_CastShadows: 0
  m_ReceiveShadows: 0
  m_DynamicOccludee: 1
  m_StaticShadowCaster: 0
  m_MotionVectors: 1
  m_LightProbeUsage: 1
  m_ReflectionProbeUsage: 1
  m_RayTracingMode: 2
  m_RayTraceProcedural: 0
  m_RenderingLayerMask: 1
  m_RendererPriority: 0
  m_Materials:
  - {fileID: 2100000, guid: 2c11c1d1352a670408a78b417a9667a8, type: 2}
  m_StaticBatchInfo:
    firstSubMesh: 0
    subMeshCount: 0
  m_StaticBatchRoot: {fileID: 0}
  m_ProbeAnchor: {fileID: 0}
  m_LightProbeVolumeOverride: {fileID: 0}
  m_ScaleInLightmap: 1
  m_ReceiveGI: 2
  m_PreserveUVs: 0
  m_IgnoreNormalsForChartDetection: 0
  m_ImportantGI: 0
  m_StitchLightmapSeams: 1
  m_SelectedEditorRenderState: 3
  m_MinimumChartSize: 4
  m_AutoUVMaxDistance: 0.5
  m_AutoUVMaxAngle: 89
  m_LightmapParameters: {fileID: 0}
  m_SortingLayerID: 0
  m_SortingLayer: 0
  m_SortingOrder: 0
  m_AdditionalVertexStreams: {fileID: 0}
--- !u!1 &7348421498843707353
GameObject:
  m_ObjectHideFlags: 0
  m_CorrespondingSourceObject: {fileID: 0}
  m_PrefabInstance: {fileID: 0}
  m_PrefabAsset: {fileID: 0}
  serializedVersion: 6
  m_Component:
  - component: {fileID: 1896035743031361879}
  - component: {fileID: 4841027276721618411}
  - component: {fileID: 5921816936854911114}
  m_Layer: 0
  m_Name: sea (2)
  m_TagString: Untagged
  m_Icon: {fileID: 0}
  m_NavMeshLayer: 0
  m_StaticEditorFlags: 126
  m_IsActive: 1
--- !u!4 &1896035743031361879
Transform:
  m_ObjectHideFlags: 0
  m_CorrespondingSourceObject: {fileID: 0}
  m_PrefabInstance: {fileID: 0}
  m_PrefabAsset: {fileID: 0}
  m_GameObject: {fileID: 7348421498843707353}
  m_LocalRotation: {x: 0, y: -0, z: -0, w: 1}
  m_LocalPosition: {x: -0, y: 0.19, z: -64.1}
  m_LocalScale: {x: 0.52008253, y: 1, z: 2.8936737}
  m_ConstrainProportionsScale: 0
  m_Children: []
  m_Father: {fileID: 1629954212807063369}
  m_RootOrder: 17
  m_LocalEulerAnglesHint: {x: 0, y: 0, z: 0}
--- !u!33 &4841027276721618411
MeshFilter:
  m_ObjectHideFlags: 0
  m_CorrespondingSourceObject: {fileID: 0}
  m_PrefabInstance: {fileID: 0}
  m_PrefabAsset: {fileID: 0}
  m_GameObject: {fileID: 7348421498843707353}
  m_Mesh: {fileID: -6938098055697063911, guid: 40dcc5006401ba64482c780264ee1ca4, type: 3}
--- !u!23 &5921816936854911114
MeshRenderer:
  m_ObjectHideFlags: 0
  m_CorrespondingSourceObject: {fileID: 0}
  m_PrefabInstance: {fileID: 0}
  m_PrefabAsset: {fileID: 0}
  m_GameObject: {fileID: 7348421498843707353}
  m_Enabled: 1
  m_CastShadows: 0
  m_ReceiveShadows: 0
  m_DynamicOccludee: 1
  m_StaticShadowCaster: 0
  m_MotionVectors: 1
  m_LightProbeUsage: 1
  m_ReflectionProbeUsage: 1
  m_RayTracingMode: 2
  m_RayTraceProcedural: 0
  m_RenderingLayerMask: 1
  m_RendererPriority: 0
  m_Materials:
  - {fileID: 2100000, guid: 2c11c1d1352a670408a78b417a9667a8, type: 2}
  m_StaticBatchInfo:
    firstSubMesh: 0
    subMeshCount: 0
  m_StaticBatchRoot: {fileID: 0}
  m_ProbeAnchor: {fileID: 0}
  m_LightProbeVolumeOverride: {fileID: 0}
  m_ScaleInLightmap: 1
  m_ReceiveGI: 2
  m_PreserveUVs: 0
  m_IgnoreNormalsForChartDetection: 0
  m_ImportantGI: 0
  m_StitchLightmapSeams: 1
  m_SelectedEditorRenderState: 3
  m_MinimumChartSize: 4
  m_AutoUVMaxDistance: 0.5
  m_AutoUVMaxAngle: 89
  m_LightmapParameters: {fileID: 0}
  m_SortingLayerID: 0
  m_SortingLayer: 0
  m_SortingOrder: 0
  m_AdditionalVertexStreams: {fileID: 0}
--- !u!1 &8866894741386364784
GameObject:
  m_ObjectHideFlags: 0
  m_CorrespondingSourceObject: {fileID: 0}
  m_PrefabInstance: {fileID: 0}
  m_PrefabAsset: {fileID: 0}
  serializedVersion: 6
  m_Component:
  - component: {fileID: 2030554767490820246}
  - component: {fileID: 7678819019696576915}
  - component: {fileID: 2886644345464940211}
  m_Layer: 0
  m_Name: sea (4)
  m_TagString: Untagged
  m_Icon: {fileID: 0}
  m_NavMeshLayer: 0
  m_StaticEditorFlags: 126
  m_IsActive: 1
--- !u!4 &2030554767490820246
Transform:
  m_ObjectHideFlags: 0
  m_CorrespondingSourceObject: {fileID: 0}
  m_PrefabInstance: {fileID: 0}
  m_PrefabAsset: {fileID: 0}
  m_GameObject: {fileID: 8866894741386364784}
  m_LocalRotation: {x: 0, y: -0, z: -0, w: 1}
  m_LocalPosition: {x: -0, y: 0.2, z: -64.9}
  m_LocalScale: {x: 1.3319817, y: 1, z: 3.713319}
  m_ConstrainProportionsScale: 0
  m_Children: []
  m_Father: {fileID: 1629954212807063369}
  m_RootOrder: 19
  m_LocalEulerAnglesHint: {x: 0, y: 0, z: 0}
--- !u!33 &7678819019696576915
MeshFilter:
  m_ObjectHideFlags: 0
  m_CorrespondingSourceObject: {fileID: 0}
  m_PrefabInstance: {fileID: 0}
  m_PrefabAsset: {fileID: 0}
  m_GameObject: {fileID: 8866894741386364784}
  m_Mesh: {fileID: -6938098055697063911, guid: 40dcc5006401ba64482c780264ee1ca4, type: 3}
--- !u!23 &2886644345464940211
MeshRenderer:
  m_ObjectHideFlags: 0
  m_CorrespondingSourceObject: {fileID: 0}
  m_PrefabInstance: {fileID: 0}
  m_PrefabAsset: {fileID: 0}
  m_GameObject: {fileID: 8866894741386364784}
  m_Enabled: 1
  m_CastShadows: 0
  m_ReceiveShadows: 0
  m_DynamicOccludee: 1
  m_StaticShadowCaster: 0
  m_MotionVectors: 1
  m_LightProbeUsage: 1
  m_ReflectionProbeUsage: 1
  m_RayTracingMode: 2
  m_RayTraceProcedural: 0
  m_RenderingLayerMask: 1
  m_RendererPriority: 0
  m_Materials:
  - {fileID: 2100000, guid: 2c11c1d1352a670408a78b417a9667a8, type: 2}
  m_StaticBatchInfo:
    firstSubMesh: 0
    subMeshCount: 0
  m_StaticBatchRoot: {fileID: 0}
  m_ProbeAnchor: {fileID: 0}
  m_LightProbeVolumeOverride: {fileID: 0}
  m_ScaleInLightmap: 1
  m_ReceiveGI: 2
  m_PreserveUVs: 0
  m_IgnoreNormalsForChartDetection: 0
  m_ImportantGI: 0
  m_StitchLightmapSeams: 1
  m_SelectedEditorRenderState: 3
  m_MinimumChartSize: 4
  m_AutoUVMaxDistance: 0.5
  m_AutoUVMaxAngle: 89
  m_LightmapParameters: {fileID: 0}
  m_SortingLayerID: 0
  m_SortingLayer: 0
  m_SortingOrder: 0
  m_AdditionalVertexStreams: {fileID: 0}
--- !u!1001 &1230744684221517986
PrefabInstance:
  m_ObjectHideFlags: 0
  serializedVersion: 2
  m_Modification:
    m_TransformParent: {fileID: 0}
    m_Modifications:
    - target: {fileID: -8774022103341907314, guid: 40dcc5006401ba64482c780264ee1ca4, type: 3}
      propertyPath: m_CastShadows
      value: 0
      objectReference: {fileID: 0}
    - target: {fileID: -8774022103341907314, guid: 40dcc5006401ba64482c780264ee1ca4, type: 3}
      propertyPath: m_ReceiveShadows
      value: 0
      objectReference: {fileID: 0}
    - target: {fileID: -8774022103341907314, guid: 40dcc5006401ba64482c780264ee1ca4, type: 3}
      propertyPath: m_Materials.Array.data[0]
      value: 
      objectReference: {fileID: 2100000, guid: 74de60ecb3565d641a9e186f70f1de04, type: 2}
    - target: {fileID: -8679921383154817045, guid: 40dcc5006401ba64482c780264ee1ca4, type: 3}
      propertyPath: m_RootOrder
      value: 0
      objectReference: {fileID: 0}
    - target: {fileID: -8679921383154817045, guid: 40dcc5006401ba64482c780264ee1ca4, type: 3}
      propertyPath: m_LocalPosition.x
      value: 0
      objectReference: {fileID: 0}
    - target: {fileID: -8679921383154817045, guid: 40dcc5006401ba64482c780264ee1ca4, type: 3}
      propertyPath: m_LocalPosition.y
      value: 0
      objectReference: {fileID: 0}
    - target: {fileID: -8679921383154817045, guid: 40dcc5006401ba64482c780264ee1ca4, type: 3}
      propertyPath: m_LocalPosition.z
      value: 0
      objectReference: {fileID: 0}
    - target: {fileID: -8679921383154817045, guid: 40dcc5006401ba64482c780264ee1ca4, type: 3}
      propertyPath: m_LocalRotation.w
      value: 0
      objectReference: {fileID: 0}
    - target: {fileID: -8679921383154817045, guid: 40dcc5006401ba64482c780264ee1ca4, type: 3}
      propertyPath: m_LocalRotation.x
      value: 0
      objectReference: {fileID: 0}
    - target: {fileID: -8679921383154817045, guid: 40dcc5006401ba64482c780264ee1ca4, type: 3}
      propertyPath: m_LocalRotation.y
      value: 1
      objectReference: {fileID: 0}
    - target: {fileID: -8679921383154817045, guid: 40dcc5006401ba64482c780264ee1ca4, type: 3}
      propertyPath: m_LocalRotation.z
      value: 0
      objectReference: {fileID: 0}
    - target: {fileID: -8679921383154817045, guid: 40dcc5006401ba64482c780264ee1ca4, type: 3}
      propertyPath: m_LocalEulerAnglesHint.x
      value: 0
      objectReference: {fileID: 0}
    - target: {fileID: -8679921383154817045, guid: 40dcc5006401ba64482c780264ee1ca4, type: 3}
      propertyPath: m_LocalEulerAnglesHint.y
      value: 180
      objectReference: {fileID: 0}
    - target: {fileID: -8679921383154817045, guid: 40dcc5006401ba64482c780264ee1ca4, type: 3}
      propertyPath: m_LocalEulerAnglesHint.z
      value: 0
      objectReference: {fileID: 0}
    - target: {fileID: -7807921971332918886, guid: 40dcc5006401ba64482c780264ee1ca4, type: 3}
      propertyPath: m_RootOrder
      value: 9
      objectReference: {fileID: 0}
    - target: {fileID: -7807921971332918886, guid: 40dcc5006401ba64482c780264ee1ca4, type: 3}
      propertyPath: m_LocalScale.z
      value: 1.3977
      objectReference: {fileID: 0}
    - target: {fileID: -7701428621425099663, guid: 40dcc5006401ba64482c780264ee1ca4, type: 3}
      propertyPath: m_ReceiveGI
      value: 2
      objectReference: {fileID: 0}
    - target: {fileID: -7701428621425099663, guid: 40dcc5006401ba64482c780264ee1ca4, type: 3}
      propertyPath: m_Materials.Array.data[0]
      value: 
      objectReference: {fileID: 2100000, guid: b753bf4a7f23690429da1dfe53c8085c, type: 2}
    - target: {fileID: -7433365851925522197, guid: 40dcc5006401ba64482c780264ee1ca4, type: 3}
      propertyPath: m_CastShadows
      value: 0
      objectReference: {fileID: 0}
    - target: {fileID: -7433365851925522197, guid: 40dcc5006401ba64482c780264ee1ca4, type: 3}
      propertyPath: m_ReceiveShadows
      value: 0
      objectReference: {fileID: 0}
    - target: {fileID: -7433365851925522197, guid: 40dcc5006401ba64482c780264ee1ca4, type: 3}
      propertyPath: m_Materials.Array.data[0]
      value: 
      objectReference: {fileID: 2100000, guid: 0ade546edad4e514faf64b44d1f33d27, type: 2}
    - target: {fileID: -6153367852077834908, guid: 40dcc5006401ba64482c780264ee1ca4, type: 3}
      propertyPath: m_Materials.Array.data[0]
      value: 
      objectReference: {fileID: 2100000, guid: 74de60ecb3565d641a9e186f70f1de04, type: 2}
    - target: {fileID: -6065365000619074158, guid: 40dcc5006401ba64482c780264ee1ca4, type: 3}
      propertyPath: m_StaticEditorFlags
      value: 2147483647
      objectReference: {fileID: 0}
    - target: {fileID: -6054904188135255754, guid: 40dcc5006401ba64482c780264ee1ca4, type: 3}
      propertyPath: m_Materials.Array.data[0]
      value: 
      objectReference: {fileID: 2100000, guid: 74de60ecb3565d641a9e186f70f1de04, type: 2}
    - target: {fileID: -5206293636952242402, guid: 40dcc5006401ba64482c780264ee1ca4, type: 3}
      propertyPath: m_LocalScale.x
      value: 0.86742
      objectReference: {fileID: 0}
    - target: {fileID: -5206293636952242402, guid: 40dcc5006401ba64482c780264ee1ca4, type: 3}
      propertyPath: m_LocalScale.y
      value: 0.86742
      objectReference: {fileID: 0}
    - target: {fileID: -5206293636952242402, guid: 40dcc5006401ba64482c780264ee1ca4, type: 3}
      propertyPath: m_LocalScale.z
      value: 0.86742
      objectReference: {fileID: 0}
    - target: {fileID: -5206293636952242402, guid: 40dcc5006401ba64482c780264ee1ca4, type: 3}
      propertyPath: m_LocalPosition.y
      value: 12.4
      objectReference: {fileID: 0}
    - target: {fileID: -5076985528575099843, guid: 40dcc5006401ba64482c780264ee1ca4, type: 3}
      propertyPath: m_ReceiveGI
      value: 2
      objectReference: {fileID: 0}
    - target: {fileID: -5076985528575099843, guid: 40dcc5006401ba64482c780264ee1ca4, type: 3}
      propertyPath: m_Materials.Array.data[0]
      value: 
      objectReference: {fileID: 2100000, guid: b753bf4a7f23690429da1dfe53c8085c, type: 2}
    - target: {fileID: -4708347631163228948, guid: 40dcc5006401ba64482c780264ee1ca4, type: 3}
      propertyPath: m_Materials.Array.data[0]
      value: 
      objectReference: {fileID: 2100000, guid: 74de60ecb3565d641a9e186f70f1de04, type: 2}
    - target: {fileID: -4632079599943476949, guid: 40dcc5006401ba64482c780264ee1ca4, type: 3}
      propertyPath: m_StaticEditorFlags
      value: 2147483647
      objectReference: {fileID: 0}
    - target: {fileID: -4564843091175128992, guid: 40dcc5006401ba64482c780264ee1ca4, type: 3}
      propertyPath: m_StaticEditorFlags
      value: 2147483647
      objectReference: {fileID: 0}
    - target: {fileID: -4013523684634203822, guid: 40dcc5006401ba64482c780264ee1ca4, type: 3}
      propertyPath: m_StaticEditorFlags
      value: 2147483647
      objectReference: {fileID: 0}
    - target: {fileID: -3745476926889024187, guid: 40dcc5006401ba64482c780264ee1ca4, type: 3}
      propertyPath: m_StaticEditorFlags
      value: 2147483647
      objectReference: {fileID: 0}
    - target: {fileID: -3741209122484340365, guid: 40dcc5006401ba64482c780264ee1ca4, type: 3}
      propertyPath: m_StaticEditorFlags
      value: 2147483647
      objectReference: {fileID: 0}
    - target: {fileID: -3522446014841687792, guid: 40dcc5006401ba64482c780264ee1ca4, type: 3}
      propertyPath: m_ReceiveGI
      value: 2
      objectReference: {fileID: 0}
    - target: {fileID: -3522446014841687792, guid: 40dcc5006401ba64482c780264ee1ca4, type: 3}
      propertyPath: m_CastShadows
      value: 0
      objectReference: {fileID: 0}
    - target: {fileID: -3522446014841687792, guid: 40dcc5006401ba64482c780264ee1ca4, type: 3}
      propertyPath: m_ReceiveShadows
      value: 0
      objectReference: {fileID: 0}
    - target: {fileID: -3522446014841687792, guid: 40dcc5006401ba64482c780264ee1ca4, type: 3}
      propertyPath: m_Materials.Array.data[0]
      value: 
      objectReference: {fileID: 2100000, guid: 5d2a7a6d0daf1454f9ccebdedf99862d, type: 2}
    - target: {fileID: -3487212307231567070, guid: 40dcc5006401ba64482c780264ee1ca4, type: 3}
      propertyPath: m_StaticEditorFlags
      value: 2147483647
      objectReference: {fileID: 0}
    - target: {fileID: -3357072331064741394, guid: 40dcc5006401ba64482c780264ee1ca4, type: 3}
      propertyPath: m_ReceiveGI
      value: 2
      objectReference: {fileID: 0}
    - target: {fileID: -3357072331064741394, guid: 40dcc5006401ba64482c780264ee1ca4, type: 3}
      propertyPath: m_Materials.Array.data[0]
      value: 
      objectReference: {fileID: 2100000, guid: b753bf4a7f23690429da1dfe53c8085c, type: 2}
    - target: {fileID: -3334858450632127358, guid: 40dcc5006401ba64482c780264ee1ca4, type: 3}
      propertyPath: m_LocalPosition.x
      value: -1.4
      objectReference: {fileID: 0}
    - target: {fileID: -3334858450632127358, guid: 40dcc5006401ba64482c780264ee1ca4, type: 3}
      propertyPath: m_LocalPosition.z
      value: 0.57
      objectReference: {fileID: 0}
    - target: {fileID: -3101729013879746134, guid: 40dcc5006401ba64482c780264ee1ca4, type: 3}
      propertyPath: m_Materials.Array.data[0]
      value: 
      objectReference: {fileID: 2100000, guid: 74de60ecb3565d641a9e186f70f1de04, type: 2}
    - target: {fileID: -2877001531910152226, guid: 40dcc5006401ba64482c780264ee1ca4, type: 3}
      propertyPath: m_LocalScale.x
      value: 0.726
      objectReference: {fileID: 0}
    - target: {fileID: -2877001531910152226, guid: 40dcc5006401ba64482c780264ee1ca4, type: 3}
      propertyPath: m_LocalScale.y
      value: 0.726
      objectReference: {fileID: 0}
    - target: {fileID: -2877001531910152226, guid: 40dcc5006401ba64482c780264ee1ca4, type: 3}
      propertyPath: m_LocalScale.z
      value: 0.726
      objectReference: {fileID: 0}
    - target: {fileID: -2791876160896176447, guid: 40dcc5006401ba64482c780264ee1ca4, type: 3}
      propertyPath: m_RootOrder
      value: 9
      objectReference: {fileID: 0}
    - target: {fileID: -2791876160896176447, guid: 40dcc5006401ba64482c780264ee1ca4, type: 3}
      propertyPath: m_LocalScale.x
      value: 0.3670653
      objectReference: {fileID: 0}
    - target: {fileID: -2791876160896176447, guid: 40dcc5006401ba64482c780264ee1ca4, type: 3}
      propertyPath: m_LocalPosition.x
      value: -2.1
      objectReference: {fileID: 0}
    - target: {fileID: -2791876160896176447, guid: 40dcc5006401ba64482c780264ee1ca4, type: 3}
      propertyPath: m_LocalPosition.y
      value: -0.009
      objectReference: {fileID: 0}
    - target: {fileID: -2791876160896176447, guid: 40dcc5006401ba64482c780264ee1ca4, type: 3}
      propertyPath: m_LocalPosition.z
      value: -104.9
      objectReference: {fileID: 0}
    - target: {fileID: -1853556161107351354, guid: 40dcc5006401ba64482c780264ee1ca4, type: 3}
      propertyPath: m_LocalScale.x
      value: 1.1053324
      objectReference: {fileID: 0}
    - target: {fileID: -1853556161107351354, guid: 40dcc5006401ba64482c780264ee1ca4, type: 3}
      propertyPath: m_LocalScale.z
      value: 0.59641314
      objectReference: {fileID: 0}
    - target: {fileID: -1098659674958498771, guid: 40dcc5006401ba64482c780264ee1ca4, type: 3}
      propertyPath: m_StaticEditorFlags
      value: 2147483647
      objectReference: {fileID: 0}
    - target: {fileID: -545891028313494985, guid: 40dcc5006401ba64482c780264ee1ca4, type: 3}
      propertyPath: m_ReceiveGI
      value: 2
      objectReference: {fileID: 0}
    - target: {fileID: -545891028313494985, guid: 40dcc5006401ba64482c780264ee1ca4, type: 3}
      propertyPath: m_CastShadows
      value: 0
      objectReference: {fileID: 0}
    - target: {fileID: -545891028313494985, guid: 40dcc5006401ba64482c780264ee1ca4, type: 3}
      propertyPath: m_ReceiveShadows
      value: 0
      objectReference: {fileID: 0}
    - target: {fileID: -545891028313494985, guid: 40dcc5006401ba64482c780264ee1ca4, type: 3}
      propertyPath: m_Materials.Array.data[0]
      value: 
      objectReference: {fileID: 2100000, guid: c8253aeb6fd36344d8668e7a9607ef44, type: 2}
    - target: {fileID: -486173204089663556, guid: 40dcc5006401ba64482c780264ee1ca4, type: 3}
      propertyPath: m_ReceiveGI
      value: 2
      objectReference: {fileID: 0}
    - target: {fileID: -486173204089663556, guid: 40dcc5006401ba64482c780264ee1ca4, type: 3}
      propertyPath: m_Materials.Array.data[0]
      value: 
      objectReference: {fileID: 2100000, guid: ea040eca447074040bd272329f13e597, type: 2}
    - target: {fileID: -459376291596533708, guid: 40dcc5006401ba64482c780264ee1ca4, type: 3}
      propertyPath: m_StaticEditorFlags
      value: 126
      objectReference: {fileID: 0}
    - target: {fileID: -312327388498431586, guid: 40dcc5006401ba64482c780264ee1ca4, type: 3}
      propertyPath: m_Materials.Array.data[0]
      value: 
      objectReference: {fileID: 2100000, guid: 74de60ecb3565d641a9e186f70f1de04, type: 2}
    - target: {fileID: 545863327828270103, guid: 40dcc5006401ba64482c780264ee1ca4, type: 3}
      propertyPath: m_StaticEditorFlags
      value: 2147483647
      objectReference: {fileID: 0}
    - target: {fileID: 552833080696955451, guid: 40dcc5006401ba64482c780264ee1ca4, type: 3}
      propertyPath: m_ReceiveGI
      value: 2
      objectReference: {fileID: 0}
    - target: {fileID: 552833080696955451, guid: 40dcc5006401ba64482c780264ee1ca4, type: 3}
      propertyPath: m_Materials.Array.data[0]
      value: 
      objectReference: {fileID: 2100000, guid: b753bf4a7f23690429da1dfe53c8085c, type: 2}
    - target: {fileID: 919132149155446097, guid: 40dcc5006401ba64482c780264ee1ca4, type: 3}
      propertyPath: m_Name
      value: beachToken
      objectReference: {fileID: 0}
    - target: {fileID: 919132149155446097, guid: 40dcc5006401ba64482c780264ee1ca4, type: 3}
      propertyPath: m_StaticEditorFlags
      value: 2147483647
      objectReference: {fileID: 0}
    - target: {fileID: 1026427937502865212, guid: 40dcc5006401ba64482c780264ee1ca4, type: 3}
      propertyPath: m_Materials.Array.data[0]
      value: 
      objectReference: {fileID: 2100000, guid: 74de60ecb3565d641a9e186f70f1de04, type: 2}
    - target: {fileID: 1042279877645695865, guid: 40dcc5006401ba64482c780264ee1ca4, type: 3}
      propertyPath: m_Materials.Array.data[0]
      value: 
      objectReference: {fileID: 2100000, guid: 74de60ecb3565d641a9e186f70f1de04, type: 2}
    - target: {fileID: 1653117704678127085, guid: 40dcc5006401ba64482c780264ee1ca4, type: 3}
      propertyPath: m_Materials.Array.data[0]
      value: 
      objectReference: {fileID: 2100000, guid: 74de60ecb3565d641a9e186f70f1de04, type: 2}
    - target: {fileID: 1799635232086733974, guid: 40dcc5006401ba64482c780264ee1ca4, type: 3}
      propertyPath: m_RootOrder
      value: 10
      objectReference: {fileID: 0}
    - target: {fileID: 1799635232086733974, guid: 40dcc5006401ba64482c780264ee1ca4, type: 3}
      propertyPath: m_LocalScale.x
      value: 0.300098
      objectReference: {fileID: 0}
    - target: {fileID: 1799635232086733974, guid: 40dcc5006401ba64482c780264ee1ca4, type: 3}
      propertyPath: m_LocalPosition.x
      value: -1.5
      objectReference: {fileID: 0}
    - target: {fileID: 1799635232086733974, guid: 40dcc5006401ba64482c780264ee1ca4, type: 3}
      propertyPath: m_LocalPosition.y
      value: -0.075
      objectReference: {fileID: 0}
    - target: {fileID: 1846992806946688745, guid: 40dcc5006401ba64482c780264ee1ca4, type: 3}
      propertyPath: m_Materials.Array.data[0]
      value: 
      objectReference: {fileID: 2100000, guid: 74de60ecb3565d641a9e186f70f1de04, type: 2}
    - target: {fileID: 1953456283636920432, guid: 40dcc5006401ba64482c780264ee1ca4, type: 3}
      propertyPath: m_Materials.Array.data[0]
      value: 
      objectReference: {fileID: 2100000, guid: 74de60ecb3565d641a9e186f70f1de04, type: 2}
    - target: {fileID: 2277019963149334566, guid: 40dcc5006401ba64482c780264ee1ca4, type: 3}
      propertyPath: m_LocalScale.x
      value: 0.89393
      objectReference: {fileID: 0}
    - target: {fileID: 2277019963149334566, guid: 40dcc5006401ba64482c780264ee1ca4, type: 3}
      propertyPath: m_LocalScale.y
      value: 0.89393
      objectReference: {fileID: 0}
    - target: {fileID: 2277019963149334566, guid: 40dcc5006401ba64482c780264ee1ca4, type: 3}
      propertyPath: m_LocalScale.z
      value: 0.89393
      objectReference: {fileID: 0}
    - target: {fileID: 2277019963149334566, guid: 40dcc5006401ba64482c780264ee1ca4, type: 3}
      propertyPath: m_LocalPosition.x
      value: 15.7
      objectReference: {fileID: 0}
    - target: {fileID: 3248955777472441292, guid: 40dcc5006401ba64482c780264ee1ca4, type: 3}
      propertyPath: m_StaticEditorFlags
      value: 2147483647
      objectReference: {fileID: 0}
    - target: {fileID: 3265188017205689872, guid: 40dcc5006401ba64482c780264ee1ca4, type: 3}
      propertyPath: m_ReceiveGI
      value: 2
      objectReference: {fileID: 0}
    - target: {fileID: 3265188017205689872, guid: 40dcc5006401ba64482c780264ee1ca4, type: 3}
      propertyPath: m_Materials.Array.data[0]
      value: 
      objectReference: {fileID: 2100000, guid: b753bf4a7f23690429da1dfe53c8085c, type: 2}
    - target: {fileID: 3957359869808538558, guid: 40dcc5006401ba64482c780264ee1ca4, type: 3}
      propertyPath: m_StaticEditorFlags
      value: 2147483647
      objectReference: {fileID: 0}
    - target: {fileID: 4046156804300758581, guid: 40dcc5006401ba64482c780264ee1ca4, type: 3}
      propertyPath: m_LocalPosition.x
      value: 0.1
      objectReference: {fileID: 0}
    - target: {fileID: 4233104466240867615, guid: 40dcc5006401ba64482c780264ee1ca4, type: 3}
      propertyPath: m_StaticEditorFlags
      value: 2147483647
      objectReference: {fileID: 0}
    - target: {fileID: 4385538709299273564, guid: 40dcc5006401ba64482c780264ee1ca4, type: 3}
      propertyPath: m_StaticEditorFlags
      value: 2147483647
      objectReference: {fileID: 0}
    - target: {fileID: 4854143588729450965, guid: 40dcc5006401ba64482c780264ee1ca4, type: 3}
      propertyPath: m_Materials.Array.data[0]
      value: 
      objectReference: {fileID: 2100000, guid: 74de60ecb3565d641a9e186f70f1de04, type: 2}
    - target: {fileID: 4878974882474434790, guid: 40dcc5006401ba64482c780264ee1ca4, type: 3}
      propertyPath: m_ReceiveGI
      value: 2
      objectReference: {fileID: 0}
    - target: {fileID: 4878974882474434790, guid: 40dcc5006401ba64482c780264ee1ca4, type: 3}
      propertyPath: m_CastShadows
      value: 0
      objectReference: {fileID: 0}
    - target: {fileID: 4878974882474434790, guid: 40dcc5006401ba64482c780264ee1ca4, type: 3}
      propertyPath: m_ReceiveShadows
      value: 0
      objectReference: {fileID: 0}
    - target: {fileID: 4878974882474434790, guid: 40dcc5006401ba64482c780264ee1ca4, type: 3}
      propertyPath: m_Materials.Array.data[0]
      value: 
      objectReference: {fileID: 2100000, guid: c8253aeb6fd36344d8668e7a9607ef44, type: 2}
    - target: {fileID: 5197896056701126051, guid: 40dcc5006401ba64482c780264ee1ca4, type: 3}
      propertyPath: m_StaticEditorFlags
      value: 2147483647
      objectReference: {fileID: 0}
    - target: {fileID: 6416983417476450022, guid: 40dcc5006401ba64482c780264ee1ca4, type: 3}
      propertyPath: m_Materials.Array.data[0]
      value: 
      objectReference: {fileID: 2100000, guid: 74de60ecb3565d641a9e186f70f1de04, type: 2}
    - target: {fileID: 6950228952112795096, guid: 40dcc5006401ba64482c780264ee1ca4, type: 3}
      propertyPath: m_Materials.Array.data[0]
      value: 
      objectReference: {fileID: 2100000, guid: 74de60ecb3565d641a9e186f70f1de04, type: 2}
    - target: {fileID: 7114906070649483149, guid: 40dcc5006401ba64482c780264ee1ca4, type: 3}
      propertyPath: m_ReceiveGI
      value: 2
      objectReference: {fileID: 0}
    - target: {fileID: 7114906070649483149, guid: 40dcc5006401ba64482c780264ee1ca4, type: 3}
      propertyPath: m_Materials.Array.data[0]
      value: 
      objectReference: {fileID: 2100000, guid: 07223a659e9dd0d4ea78816f7a855088, type: 2}
    - target: {fileID: 7616401180477053404, guid: 40dcc5006401ba64482c780264ee1ca4, type: 3}
      propertyPath: m_StaticEditorFlags
      value: 126
      objectReference: {fileID: 0}
    - target: {fileID: 7667587421508899390, guid: 40dcc5006401ba64482c780264ee1ca4, type: 3}
      propertyPath: m_ReceiveGI
      value: 2
      objectReference: {fileID: 0}
    - target: {fileID: 7667587421508899390, guid: 40dcc5006401ba64482c780264ee1ca4, type: 3}
      propertyPath: m_Materials.Array.data[0]
      value: 
      objectReference: {fileID: 2100000, guid: ef1ec487eb7642140b637a5ffdb73467, type: 2}
    - target: {fileID: 7779310298284105600, guid: 40dcc5006401ba64482c780264ee1ca4, type: 3}
      propertyPath: m_Materials.Array.data[0]
      value: 
      objectReference: {fileID: 2100000, guid: 74de60ecb3565d641a9e186f70f1de04, type: 2}
    - target: {fileID: 8050939262690657601, guid: 40dcc5006401ba64482c780264ee1ca4, type: 3}
      propertyPath: m_Materials.Array.data[0]
      value: 
      objectReference: {fileID: 2100000, guid: 74de60ecb3565d641a9e186f70f1de04, type: 2}
    - target: {fileID: 8854137041163393522, guid: 40dcc5006401ba64482c780264ee1ca4, type: 3}
      propertyPath: m_StaticEditorFlags
      value: 2147483647
      objectReference: {fileID: 0}
    - target: {fileID: 8921217130691142731, guid: 40dcc5006401ba64482c780264ee1ca4, type: 3}
      propertyPath: m_ReceiveGI
      value: 2
      objectReference: {fileID: 0}
    - target: {fileID: 8921217130691142731, guid: 40dcc5006401ba64482c780264ee1ca4, type: 3}
      propertyPath: m_CastShadows
      value: 0
      objectReference: {fileID: 0}
    - target: {fileID: 8921217130691142731, guid: 40dcc5006401ba64482c780264ee1ca4, type: 3}
      propertyPath: m_ReceiveShadows
      value: 0
      objectReference: {fileID: 0}
    - target: {fileID: 8921217130691142731, guid: 40dcc5006401ba64482c780264ee1ca4, type: 3}
      propertyPath: m_Materials.Array.data[0]
      value: 
      objectReference: {fileID: 2100000, guid: c8253aeb6fd36344d8668e7a9607ef44, type: 2}
    - target: {fileID: 9115579755064273739, guid: 40dcc5006401ba64482c780264ee1ca4, type: 3}
      propertyPath: m_LocalScale.x
      value: 0.87488
      objectReference: {fileID: 0}
    m_RemovedComponents: []
  m_SourcePrefab: {fileID: 100100000, guid: 40dcc5006401ba64482c780264ee1ca4, type: 3}
--- !u!4 &1629954212807063369 stripped
Transform:
  m_CorrespondingSourceObject: {fileID: -8679921383154817045, guid: 40dcc5006401ba64482c780264ee1ca4, type: 3}
  m_PrefabInstance: {fileID: 1230744684221517986}
  m_PrefabAsset: {fileID: 0}
