%YAML 1.1
%TAG !u! tag:unity3d.com,2011:
--- !u!1 &51918146
GameObject:
  m_ObjectHideFlags: 0
  m_CorrespondingSourceObject: {fileID: 0}
  m_PrefabInstance: {fileID: 0}
  m_PrefabAsset: {fileID: 0}
  serializedVersion: 6
  m_Component:
  - component: {fileID: 51918147}
  - component: {fileID: 51918150}
  - component: {fileID: 51918149}
  - component: {fileID: 51918148}
  m_Layer: 0
  m_Name: Quad (2)
  m_TagString: Untagged
  m_Icon: {fileID: 0}
  m_NavMeshLayer: 0
  m_StaticEditorFlags: 0
  m_IsActive: 1
--- !u!4 &51918147
Transform:
  m_ObjectHideFlags: 0
  m_CorrespondingSourceObject: {fileID: 0}
  m_PrefabInstance: {fileID: 0}
  m_PrefabAsset: {fileID: 0}
  m_GameObject: {fileID: 51918146}
  m_LocalRotation: {x: -0, y: -0, z: -0.84198946, w: 0.5394941}
  m_LocalPosition: {x: -1.2, y: 3.16, z: -1.33}
  m_LocalScale: {x: 3.93174, y: 0.982935, z: 3.979904}
  m_ConstrainProportionsScale: 0
  m_Children: []
  m_Father: {fileID: 5512813531658963391}
  m_RootOrder: 25
  m_LocalEulerAnglesHint: {x: 0, y: 0, z: -114.702}
--- !u!33 &51918150
MeshFilter:
  m_ObjectHideFlags: 0
  m_CorrespondingSourceObject: {fileID: 0}
  m_PrefabInstance: {fileID: 0}
  m_PrefabAsset: {fileID: 0}
  m_GameObject: {fileID: 51918146}
  m_Mesh: {fileID: 10210, guid: 0000000000000000e000000000000000, type: 0}
--- !u!23 &51918149
MeshRenderer:
  m_ObjectHideFlags: 0
  m_CorrespondingSourceObject: {fileID: 0}
  m_PrefabInstance: {fileID: 0}
  m_PrefabAsset: {fileID: 0}
  m_GameObject: {fileID: 51918146}
  m_Enabled: 1
  m_CastShadows: 1
  m_ReceiveShadows: 1
  m_DynamicOccludee: 1
  m_StaticShadowCaster: 0
  m_MotionVectors: 1
  m_LightProbeUsage: 1
  m_ReflectionProbeUsage: 1
  m_RayTracingMode: 2
  m_RayTraceProcedural: 0
  m_RenderingLayerMask: 1
  m_RendererPriority: 0
  m_Materials:
  - {fileID: 2100000, guid: 62639848eef2af4468b41af2bfa4fc80, type: 2}
  m_StaticBatchInfo:
    firstSubMesh: 0
    subMeshCount: 0
  m_StaticBatchRoot: {fileID: 0}
  m_ProbeAnchor: {fileID: 0}
  m_LightProbeVolumeOverride: {fileID: 0}
  m_ScaleInLightmap: 1
  m_ReceiveGI: 1
  m_PreserveUVs: 0
  m_IgnoreNormalsForChartDetection: 0
  m_ImportantGI: 0
  m_StitchLightmapSeams: 1
  m_SelectedEditorRenderState: 3
  m_MinimumChartSize: 4
  m_AutoUVMaxDistance: 0.5
  m_AutoUVMaxAngle: 89
  m_LightmapParameters: {fileID: 0}
  m_SortingLayerID: 0
  m_SortingLayer: 0
  m_SortingOrder: 0
  m_AdditionalVertexStreams: {fileID: 0}
--- !u!64 &51918148
MeshCollider:
  m_ObjectHideFlags: 0
  m_CorrespondingSourceObject: {fileID: 0}
  m_PrefabInstance: {fileID: 0}
  m_PrefabAsset: {fileID: 0}
  m_GameObject: {fileID: 51918146}
  m_Material: {fileID: 0}
  m_IsTrigger: 0
  m_Enabled: 1
  serializedVersion: 4
  m_Convex: 0
  m_CookingOptions: 30
  m_Mesh: {fileID: 10210, guid: 0000000000000000e000000000000000, type: 0}
--- !u!1 &106425054
GameObject:
  m_ObjectHideFlags: 0
  m_CorrespondingSourceObject: {fileID: 0}
  m_PrefabInstance: {fileID: 0}
  m_PrefabAsset: {fileID: 0}
  serializedVersion: 6
  m_Component:
  - component: {fileID: 106425055}
  - component: {fileID: 106425058}
  - component: {fileID: 106425057}
  - component: {fileID: 106425056}
  m_Layer: 0
  m_Name: Quad (1)
  m_TagString: Untagged
  m_Icon: {fileID: 0}
  m_NavMeshLayer: 0
  m_StaticEditorFlags: 0
  m_IsActive: 1
--- !u!4 &106425055
Transform:
  m_ObjectHideFlags: 0
  m_CorrespondingSourceObject: {fileID: 0}
  m_PrefabInstance: {fileID: 0}
  m_PrefabAsset: {fileID: 0}
  m_GameObject: {fileID: 106425054}
  m_LocalRotation: {x: -0, y: -0, z: -0.84198946, w: 0.5394941}
  m_LocalPosition: {x: 3.75, y: 3.59, z: 0.9}
  m_LocalScale: {x: 6, y: 0.97893, z: 6.0735}
  m_ConstrainProportionsScale: 0
  m_Children: []
  m_Father: {fileID: 5512813531658963391}
  m_RootOrder: 24
  m_LocalEulerAnglesHint: {x: 0, y: 0, z: -114.702}
--- !u!33 &106425058
MeshFilter:
  m_ObjectHideFlags: 0
  m_CorrespondingSourceObject: {fileID: 0}
  m_PrefabInstance: {fileID: 0}
  m_PrefabAsset: {fileID: 0}
  m_GameObject: {fileID: 106425054}
  m_Mesh: {fileID: 10210, guid: 0000000000000000e000000000000000, type: 0}
--- !u!23 &106425057
MeshRenderer:
  m_ObjectHideFlags: 0
  m_CorrespondingSourceObject: {fileID: 0}
  m_PrefabInstance: {fileID: 0}
  m_PrefabAsset: {fileID: 0}
  m_GameObject: {fileID: 106425054}
  m_Enabled: 1
  m_CastShadows: 1
  m_ReceiveShadows: 1
  m_DynamicOccludee: 1
  m_StaticShadowCaster: 0
  m_MotionVectors: 1
  m_LightProbeUsage: 1
  m_ReflectionProbeUsage: 1
  m_RayTracingMode: 2
  m_RayTraceProcedural: 0
  m_RenderingLayerMask: 1
  m_RendererPriority: 0
  m_Materials:
  - {fileID: 2100000, guid: 62639848eef2af4468b41af2bfa4fc80, type: 2}
  m_StaticBatchInfo:
    firstSubMesh: 0
    subMeshCount: 0
  m_StaticBatchRoot: {fileID: 0}
  m_ProbeAnchor: {fileID: 0}
  m_LightProbeVolumeOverride: {fileID: 0}
  m_ScaleInLightmap: 1
  m_ReceiveGI: 1
  m_PreserveUVs: 0
  m_IgnoreNormalsForChartDetection: 0
  m_ImportantGI: 0
  m_StitchLightmapSeams: 1
  m_SelectedEditorRenderState: 3
  m_MinimumChartSize: 4
  m_AutoUVMaxDistance: 0.5
  m_AutoUVMaxAngle: 89
  m_LightmapParameters: {fileID: 0}
  m_SortingLayerID: 0
  m_SortingLayer: 0
  m_SortingOrder: 0
  m_AdditionalVertexStreams: {fileID: 0}
--- !u!64 &106425056
MeshCollider:
  m_ObjectHideFlags: 0
  m_CorrespondingSourceObject: {fileID: 0}
  m_PrefabInstance: {fileID: 0}
  m_PrefabAsset: {fileID: 0}
  m_GameObject: {fileID: 106425054}
  m_Material: {fileID: 0}
  m_IsTrigger: 0
  m_Enabled: 1
  serializedVersion: 4
  m_Convex: 0
  m_CookingOptions: 30
  m_Mesh: {fileID: 10210, guid: 0000000000000000e000000000000000, type: 0}
--- !u!1 &522466102
GameObject:
  m_ObjectHideFlags: 0
  m_CorrespondingSourceObject: {fileID: 0}
  m_PrefabInstance: {fileID: 0}
  m_PrefabAsset: {fileID: 0}
  serializedVersion: 6
  m_Component:
  - component: {fileID: 522466103}
  - component: {fileID: 522466106}
  - component: {fileID: 522466105}
  - component: {fileID: 522466104}
  m_Layer: 0
  m_Name: Quad (3)
  m_TagString: Untagged
  m_Icon: {fileID: 0}
  m_NavMeshLayer: 0
  m_StaticEditorFlags: 0
  m_IsActive: 1
--- !u!4 &522466103
Transform:
  m_ObjectHideFlags: 0
  m_CorrespondingSourceObject: {fileID: 0}
  m_PrefabInstance: {fileID: 0}
  m_PrefabAsset: {fileID: 0}
  m_GameObject: {fileID: 522466102}
  m_LocalRotation: {x: -0, y: -0, z: -0.84198946, w: 0.5394941}
  m_LocalPosition: {x: 3.41, y: 9.93, z: 18.57}
  m_LocalScale: {x: 12.124904, y: 1.7518499, z: 7.0932407}
  m_ConstrainProportionsScale: 0
  m_Children: []
  m_Father: {fileID: 5512813531658963391}
  m_RootOrder: 26
  m_LocalEulerAnglesHint: {x: 0, y: 0, z: -114.702}
--- !u!33 &522466106
MeshFilter:
  m_ObjectHideFlags: 0
  m_CorrespondingSourceObject: {fileID: 0}
  m_PrefabInstance: {fileID: 0}
  m_PrefabAsset: {fileID: 0}
  m_GameObject: {fileID: 522466102}
  m_Mesh: {fileID: 10210, guid: 0000000000000000e000000000000000, type: 0}
--- !u!23 &522466105
MeshRenderer:
  m_ObjectHideFlags: 0
  m_CorrespondingSourceObject: {fileID: 0}
  m_PrefabInstance: {fileID: 0}
  m_PrefabAsset: {fileID: 0}
  m_GameObject: {fileID: 522466102}
  m_Enabled: 1
  m_CastShadows: 1
  m_ReceiveShadows: 1
  m_DynamicOccludee: 1
  m_StaticShadowCaster: 0
  m_MotionVectors: 1
  m_LightProbeUsage: 1
  m_ReflectionProbeUsage: 1
  m_RayTracingMode: 2
  m_RayTraceProcedural: 0
  m_RenderingLayerMask: 1
  m_RendererPriority: 0
  m_Materials:
  - {fileID: 2100000, guid: 62639848eef2af4468b41af2bfa4fc80, type: 2}
  m_StaticBatchInfo:
    firstSubMesh: 0
    subMeshCount: 0
  m_StaticBatchRoot: {fileID: 0}
  m_ProbeAnchor: {fileID: 0}
  m_LightProbeVolumeOverride: {fileID: 0}
  m_ScaleInLightmap: 1
  m_ReceiveGI: 1
  m_PreserveUVs: 0
  m_IgnoreNormalsForChartDetection: 0
  m_ImportantGI: 0
  m_StitchLightmapSeams: 1
  m_SelectedEditorRenderState: 3
  m_MinimumChartSize: 4
  m_AutoUVMaxDistance: 0.5
  m_AutoUVMaxAngle: 89
  m_LightmapParameters: {fileID: 0}
  m_SortingLayerID: 0
  m_SortingLayer: 0
  m_SortingOrder: 0
  m_AdditionalVertexStreams: {fileID: 0}
--- !u!64 &522466104
MeshCollider:
  m_ObjectHideFlags: 0
  m_CorrespondingSourceObject: {fileID: 0}
  m_PrefabInstance: {fileID: 0}
  m_PrefabAsset: {fileID: 0}
  m_GameObject: {fileID: 522466102}
  m_Material: {fileID: 0}
  m_IsTrigger: 0
  m_Enabled: 1
  serializedVersion: 4
  m_Convex: 0
  m_CookingOptions: 30
  m_Mesh: {fileID: 10210, guid: 0000000000000000e000000000000000, type: 0}
--- !u!1 &604299441
GameObject:
  m_ObjectHideFlags: 0
  m_CorrespondingSourceObject: {fileID: 0}
  m_PrefabInstance: {fileID: 0}
  m_PrefabAsset: {fileID: 0}
  serializedVersion: 6
  m_Component:
  - component: {fileID: 604299442}
  - component: {fileID: 604299444}
  - component: {fileID: 604299443}
  m_Layer: 0
  m_Name: forestBush (6)
  m_TagString: Untagged
  m_Icon: {fileID: 0}
  m_NavMeshLayer: 0
  m_StaticEditorFlags: 0
  m_IsActive: 1
--- !u!4 &604299442
Transform:
  m_ObjectHideFlags: 0
  m_CorrespondingSourceObject: {fileID: 0}
  m_PrefabInstance: {fileID: 0}
  m_PrefabAsset: {fileID: 0}
  m_GameObject: {fileID: 604299441}
  m_LocalRotation: {x: -0, y: -0, z: 0.7291921, w: 0.6843092}
  m_LocalPosition: {x: -18.52, y: -2.6279263, z: 24.52}
  m_LocalScale: {x: 0.79236835, y: 0.9634406, z: 0.7923683}
  m_ConstrainProportionsScale: 0
  m_Children: []
  m_Father: {fileID: 2089455039}
  m_RootOrder: 2
  m_LocalEulerAnglesHint: {x: 0, y: 0, z: 93.637}
--- !u!33 &604299444
MeshFilter:
  m_ObjectHideFlags: 0
  m_CorrespondingSourceObject: {fileID: 0}
  m_PrefabInstance: {fileID: 0}
  m_PrefabAsset: {fileID: 0}
  m_GameObject: {fileID: 604299441}
  m_Mesh: {fileID: 2141275561234182423, guid: 372821b5c078a3b47b56cc854928fef2, type: 3}
--- !u!23 &604299443
MeshRenderer:
  m_ObjectHideFlags: 0
  m_CorrespondingSourceObject: {fileID: 0}
  m_PrefabInstance: {fileID: 0}
  m_PrefabAsset: {fileID: 0}
  m_GameObject: {fileID: 604299441}
  m_Enabled: 1
  m_CastShadows: 1
  m_ReceiveShadows: 1
  m_DynamicOccludee: 1
  m_StaticShadowCaster: 0
  m_MotionVectors: 1
  m_LightProbeUsage: 1
  m_ReflectionProbeUsage: 1
  m_RayTracingMode: 2
  m_RayTraceProcedural: 0
  m_RenderingLayerMask: 1
  m_RendererPriority: 0
  m_Materials:
  - {fileID: 2100000, guid: 5e60adaa578b4354e8ef4ae18ac3c733, type: 2}
  m_StaticBatchInfo:
    firstSubMesh: 0
    subMeshCount: 0
  m_StaticBatchRoot: {fileID: 0}
  m_ProbeAnchor: {fileID: 0}
  m_LightProbeVolumeOverride: {fileID: 0}
  m_ScaleInLightmap: 1
  m_ReceiveGI: 1
  m_PreserveUVs: 0
  m_IgnoreNormalsForChartDetection: 0
  m_ImportantGI: 0
  m_StitchLightmapSeams: 1
  m_SelectedEditorRenderState: 3
  m_MinimumChartSize: 4
  m_AutoUVMaxDistance: 0.5
  m_AutoUVMaxAngle: 89
  m_LightmapParameters: {fileID: 0}
  m_SortingLayerID: 0
  m_SortingLayer: 0
  m_SortingOrder: 0
  m_AdditionalVertexStreams: {fileID: 0}
--- !u!1 &700204182
GameObject:
  m_ObjectHideFlags: 0
  m_CorrespondingSourceObject: {fileID: 0}
  m_PrefabInstance: {fileID: 0}
  m_PrefabAsset: {fileID: 0}
  serializedVersion: 6
  m_Component:
  - component: {fileID: 700204183}
  - component: {fileID: 700204184}
  m_Layer: 0
  m_Name: SunForest
  m_TagString: Untagged
  m_Icon: {fileID: 0}
  m_NavMeshLayer: 0
  m_StaticEditorFlags: 0
  m_IsActive: 1
--- !u!4 &700204183
Transform:
  m_ObjectHideFlags: 0
  m_CorrespondingSourceObject: {fileID: 0}
  m_PrefabInstance: {fileID: 0}
  m_PrefabAsset: {fileID: 0}
  m_GameObject: {fileID: 700204182}
  m_LocalRotation: {x: 0.7034788, y: -0.07153738, z: -0.07153738, w: 0.7034788}
  m_LocalPosition: {x: 1.39, y: 6.56, z: -0.26999998}
  m_LocalScale: {x: 1, y: 1, z: 1}
  m_ConstrainProportionsScale: 0
  m_Children: []
  m_Father: {fileID: 5512813531658963391}
  m_RootOrder: 20
  m_LocalEulerAnglesHint: {x: 101.61301, y: 90, z: 90}
--- !u!108 &700204184
Light:
  m_ObjectHideFlags: 0
  m_CorrespondingSourceObject: {fileID: 0}
  m_PrefabInstance: {fileID: 0}
  m_PrefabAsset: {fileID: 0}
  m_GameObject: {fileID: 700204182}
  m_Enabled: 1
  serializedVersion: 10
  m_Type: 0
  m_Shape: 0
  m_Color: {r: 1, g: 0.98657846, b: 0.8915094, a: 1}
  m_Intensity: 2.86
  m_Range: 100
  m_SpotAngle: 43.5
  m_InnerSpotAngle: 14.1
  m_CookieSize: 10
  m_Shadows:
    m_Type: 2
    m_Resolution: 3
    m_CustomResolution: -1
    m_Strength: 0
    m_Bias: 0
    m_NormalBias: 0.27
    m_NearPlane: 0.2
    m_CullingMatrixOverride:
      e00: 1
      e01: 0
      e02: 0
      e03: 0
      e10: 0
      e11: 1
      e12: 0
      e13: 0
      e20: 0
      e21: 0
      e22: 1
      e23: 0
      e30: 0
      e31: 0
      e32: 0
      e33: 1
    m_UseCullingMatrixOverride: 0
  m_Cookie: {fileID: 0}
  m_DrawHalo: 0
  m_Flare: {fileID: 0}
  m_RenderMode: 1
  m_CullingMask:
    serializedVersion: 2
    m_Bits: 4294967295
  m_RenderingLayerMask: 1
  m_Lightmapping: 4
  m_LightShadowCasterMode: 0
  m_AreaSize: {x: 1, y: 1}
  m_BounceIntensity: 2.75
  m_ColorTemperature: 6570
  m_UseColorTemperature: 0
  m_BoundingSphereOverride: {x: 0, y: 0, z: 0, w: 0.00000012567739}
  m_UseBoundingSphereOverride: 0
  m_UseViewFrustumForShadowCasterCull: 1
  m_ShadowRadius: 0
  m_ShadowAngle: 0
--- !u!1 &708465182
GameObject:
  m_ObjectHideFlags: 0
  m_CorrespondingSourceObject: {fileID: 0}
  m_PrefabInstance: {fileID: 0}
  m_PrefabAsset: {fileID: 0}
  serializedVersion: 6
  m_Component:
  - component: {fileID: 708465183}
  - component: {fileID: 708465186}
  - component: {fileID: 708465185}
  - component: {fileID: 708465184}
  m_Layer: 0
  m_Name: fakeHorizon (2)
  m_TagString: Untagged
  m_Icon: {fileID: 0}
  m_NavMeshLayer: 0
  m_StaticEditorFlags: 0
  m_IsActive: 1
--- !u!4 &708465183
Transform:
  m_ObjectHideFlags: 0
  m_CorrespondingSourceObject: {fileID: 0}
  m_PrefabInstance: {fileID: 0}
  m_PrefabAsset: {fileID: 0}
  m_GameObject: {fileID: 708465182}
  m_LocalRotation: {x: -0, y: 0.064927906, z: -0, w: 0.99788994}
  m_LocalPosition: {x: 0.16939959, y: -0.37, z: -0.93129295}
  m_LocalScale: {x: 35.790005, y: 35.79, z: 35.790005}
  m_ConstrainProportionsScale: 0
  m_Children: []
  m_Father: {fileID: 5512813531658963391}
  m_RootOrder: 22
  m_LocalEulerAnglesHint: {x: 0, y: 0, z: 0}
--- !u!33 &708465186
MeshFilter:
  m_ObjectHideFlags: 0
  m_CorrespondingSourceObject: {fileID: 0}
  m_PrefabInstance: {fileID: 0}
  m_PrefabAsset: {fileID: 0}
  m_GameObject: {fileID: 708465182}
  m_Mesh: {fileID: 10209, guid: 0000000000000000e000000000000000, type: 0}
--- !u!23 &708465185
MeshRenderer:
  m_ObjectHideFlags: 0
  m_CorrespondingSourceObject: {fileID: 0}
  m_PrefabInstance: {fileID: 0}
  m_PrefabAsset: {fileID: 0}
  m_GameObject: {fileID: 708465182}
  m_Enabled: 0
  m_CastShadows: 0
  m_ReceiveShadows: 0
  m_DynamicOccludee: 1
  m_StaticShadowCaster: 0
  m_MotionVectors: 1
  m_LightProbeUsage: 1
  m_ReflectionProbeUsage: 1
  m_RayTracingMode: 2
  m_RayTraceProcedural: 0
  m_RenderingLayerMask: 1
  m_RendererPriority: 0
  m_Materials:
  - {fileID: 2100000, guid: 5d2a7a6d0daf1454f9ccebdedf99862d, type: 2}
  m_StaticBatchInfo:
    firstSubMesh: 0
    subMeshCount: 0
  m_StaticBatchRoot: {fileID: 0}
  m_ProbeAnchor: {fileID: 0}
  m_LightProbeVolumeOverride: {fileID: 0}
  m_ScaleInLightmap: 1
  m_ReceiveGI: 1
  m_PreserveUVs: 0
  m_IgnoreNormalsForChartDetection: 0
  m_ImportantGI: 0
  m_StitchLightmapSeams: 1
  m_SelectedEditorRenderState: 3
  m_MinimumChartSize: 4
  m_AutoUVMaxDistance: 0.5
  m_AutoUVMaxAngle: 89
  m_LightmapParameters: {fileID: 0}
  m_SortingLayerID: 0
  m_SortingLayer: 0
  m_SortingOrder: 0
  m_AdditionalVertexStreams: {fileID: 0}
--- !u!64 &708465184
MeshCollider:
  m_ObjectHideFlags: 0
  m_CorrespondingSourceObject: {fileID: 0}
  m_PrefabInstance: {fileID: 0}
  m_PrefabAsset: {fileID: 0}
  m_GameObject: {fileID: 708465182}
  m_Material: {fileID: 0}
  m_IsTrigger: 0
  m_Enabled: 1
  serializedVersion: 4
  m_Convex: 0
  m_CookingOptions: 30
  m_Mesh: {fileID: 10209, guid: 0000000000000000e000000000000000, type: 0}
--- !u!1 &831225255
GameObject:
  m_ObjectHideFlags: 0
  m_CorrespondingSourceObject: {fileID: 0}
  m_PrefabInstance: {fileID: 0}
  m_PrefabAsset: {fileID: 0}
  serializedVersion: 6
  m_Component:
  - component: {fileID: 831225256}
  - component: {fileID: 831225258}
  - component: {fileID: 831225257}
  m_Layer: 0
  m_Name: forestBush (8)
  m_TagString: Untagged
  m_Icon: {fileID: 0}
  m_NavMeshLayer: 0
  m_StaticEditorFlags: 0
  m_IsActive: 1
--- !u!4 &831225256
Transform:
  m_ObjectHideFlags: 0
  m_CorrespondingSourceObject: {fileID: 0}
  m_PrefabInstance: {fileID: 0}
  m_PrefabAsset: {fileID: 0}
  m_GameObject: {fileID: 831225255}
  m_LocalRotation: {x: 0.028993122, y: 0.11082189, z: 0.25143486, w: 0.9610715}
  m_LocalPosition: {x: -21.11, y: -7.53, z: 25.06}
  m_LocalScale: {x: 0.79236835, y: 0.9634406, z: 30.196892}
  m_ConstrainProportionsScale: 0
  m_Children: []
  m_Father: {fileID: 2089455039}
  m_RootOrder: 4
  m_LocalEulerAnglesHint: {x: 0, y: 13.156, z: 29.322}
--- !u!33 &831225258
MeshFilter:
  m_ObjectHideFlags: 0
  m_CorrespondingSourceObject: {fileID: 0}
  m_PrefabInstance: {fileID: 0}
  m_PrefabAsset: {fileID: 0}
  m_GameObject: {fileID: 831225255}
  m_Mesh: {fileID: 2141275561234182423, guid: 372821b5c078a3b47b56cc854928fef2, type: 3}
--- !u!23 &831225257
MeshRenderer:
  m_ObjectHideFlags: 0
  m_CorrespondingSourceObject: {fileID: 0}
  m_PrefabInstance: {fileID: 0}
  m_PrefabAsset: {fileID: 0}
  m_GameObject: {fileID: 831225255}
  m_Enabled: 1
  m_CastShadows: 1
  m_ReceiveShadows: 1
  m_DynamicOccludee: 1
  m_StaticShadowCaster: 0
  m_MotionVectors: 1
  m_LightProbeUsage: 1
  m_ReflectionProbeUsage: 1
  m_RayTracingMode: 2
  m_RayTraceProcedural: 0
  m_RenderingLayerMask: 1
  m_RendererPriority: 0
  m_Materials:
  - {fileID: 2100000, guid: 5e60adaa578b4354e8ef4ae18ac3c733, type: 2}
  m_StaticBatchInfo:
    firstSubMesh: 0
    subMeshCount: 0
  m_StaticBatchRoot: {fileID: 0}
  m_ProbeAnchor: {fileID: 0}
  m_LightProbeVolumeOverride: {fileID: 0}
  m_ScaleInLightmap: 1
  m_ReceiveGI: 1
  m_PreserveUVs: 0
  m_IgnoreNormalsForChartDetection: 0
  m_ImportantGI: 0
  m_StitchLightmapSeams: 1
  m_SelectedEditorRenderState: 3
  m_MinimumChartSize: 4
  m_AutoUVMaxDistance: 0.5
  m_AutoUVMaxAngle: 89
  m_LightmapParameters: {fileID: 0}
  m_SortingLayerID: 0
  m_SortingLayer: 0
  m_SortingOrder: 0
  m_AdditionalVertexStreams: {fileID: 0}
--- !u!1 &940791700
GameObject:
  m_ObjectHideFlags: 0
  m_CorrespondingSourceObject: {fileID: 0}
  m_PrefabInstance: {fileID: 0}
  m_PrefabAsset: {fileID: 0}
  serializedVersion: 6
  m_Component:
  - component: {fileID: 940791701}
  - component: {fileID: 940791703}
  - component: {fileID: 940791702}
  m_Layer: 0
  m_Name: foresBGSideTree (3)
  m_TagString: Untagged
  m_Icon: {fileID: 0}
  m_NavMeshLayer: 0
  m_StaticEditorFlags: 0
  m_IsActive: 1
--- !u!4 &940791701
Transform:
  m_ObjectHideFlags: 0
  m_CorrespondingSourceObject: {fileID: 0}
  m_PrefabInstance: {fileID: 0}
  m_PrefabAsset: {fileID: 0}
  m_GameObject: {fileID: 940791700}
  m_LocalRotation: {x: -0, y: -0, z: -0.18161379, w: 0.98337}
  m_LocalPosition: {x: 2.9499998, y: 2.1230001, z: -2.85}
  m_LocalScale: {x: 0.03183298, y: 0.06772599, z: 0.0058727916}
  m_ConstrainProportionsScale: 0
  m_Children: []
  m_Father: {fileID: 5512813531658963391}
  m_RootOrder: 15
  m_LocalEulerAnglesHint: {x: 0, y: 0, z: -20.928}
--- !u!33 &940791703
MeshFilter:
  m_ObjectHideFlags: 0
  m_CorrespondingSourceObject: {fileID: 0}
  m_PrefabInstance: {fileID: 0}
  m_PrefabAsset: {fileID: 0}
  m_GameObject: {fileID: 940791700}
  m_Mesh: {fileID: 3140437146644478438, guid: 372821b5c078a3b47b56cc854928fef2, type: 3}
--- !u!23 &940791702
MeshRenderer:
  m_ObjectHideFlags: 0
  m_CorrespondingSourceObject: {fileID: 0}
  m_PrefabInstance: {fileID: 0}
  m_PrefabAsset: {fileID: 0}
  m_GameObject: {fileID: 940791700}
  m_Enabled: 1
  m_CastShadows: 1
  m_ReceiveShadows: 1
  m_DynamicOccludee: 1
  m_StaticShadowCaster: 0
  m_MotionVectors: 1
  m_LightProbeUsage: 1
  m_ReflectionProbeUsage: 1
  m_RayTracingMode: 2
  m_RayTraceProcedural: 0
  m_RenderingLayerMask: 1
  m_RendererPriority: 0
  m_Materials:
  - {fileID: 2100000, guid: 886038f9a85fd2a4ea249e1641e16aef, type: 2}
  m_StaticBatchInfo:
    firstSubMesh: 0
    subMeshCount: 0
  m_StaticBatchRoot: {fileID: 0}
  m_ProbeAnchor: {fileID: 0}
  m_LightProbeVolumeOverride: {fileID: 0}
  m_ScaleInLightmap: 1
  m_ReceiveGI: 1
  m_PreserveUVs: 0
  m_IgnoreNormalsForChartDetection: 0
  m_ImportantGI: 0
  m_StitchLightmapSeams: 1
  m_SelectedEditorRenderState: 3
  m_MinimumChartSize: 4
  m_AutoUVMaxDistance: 0.5
  m_AutoUVMaxAngle: 89
  m_LightmapParameters: {fileID: 0}
  m_SortingLayerID: 0
  m_SortingLayer: 0
  m_SortingOrder: 0
  m_AdditionalVertexStreams: {fileID: 0}
--- !u!1 &1003865646
GameObject:
  m_ObjectHideFlags: 0
  m_CorrespondingSourceObject: {fileID: 0}
  m_PrefabInstance: {fileID: 0}
  m_PrefabAsset: {fileID: 0}
  serializedVersion: 6
  m_Component:
  - component: {fileID: 1003865647}
  - component: {fileID: 1003865649}
  - component: {fileID: 1003865648}
  m_Layer: 0
  m_Name: forestBush (5)
  m_TagString: Untagged
  m_Icon: {fileID: 0}
  m_NavMeshLayer: 0
  m_StaticEditorFlags: 0
  m_IsActive: 1
--- !u!4 &1003865647
Transform:
  m_ObjectHideFlags: 0
  m_CorrespondingSourceObject: {fileID: 0}
  m_PrefabInstance: {fileID: 0}
  m_PrefabAsset: {fileID: 0}
  m_GameObject: {fileID: 1003865646}
  m_LocalRotation: {x: -0, y: -0, z: 0.7559142, w: -0.65467066}
  m_LocalPosition: {x: -22.29, y: -4.18, z: 20.46}
  m_LocalScale: {x: 0.61027414, y: 0.7420323, z: 0.61027414}
  m_ConstrainProportionsScale: 0
  m_Children: []
  m_Father: {fileID: 2089455039}
  m_RootOrder: 1
  m_LocalEulerAnglesHint: {x: 0, y: 0, z: 261.789}
--- !u!33 &1003865649
MeshFilter:
  m_ObjectHideFlags: 0
  m_CorrespondingSourceObject: {fileID: 0}
  m_PrefabInstance: {fileID: 0}
  m_PrefabAsset: {fileID: 0}
  m_GameObject: {fileID: 1003865646}
  m_Mesh: {fileID: 2141275561234182423, guid: 372821b5c078a3b47b56cc854928fef2, type: 3}
--- !u!23 &1003865648
MeshRenderer:
  m_ObjectHideFlags: 0
  m_CorrespondingSourceObject: {fileID: 0}
  m_PrefabInstance: {fileID: 0}
  m_PrefabAsset: {fileID: 0}
  m_GameObject: {fileID: 1003865646}
  m_Enabled: 1
  m_CastShadows: 1
  m_ReceiveShadows: 1
  m_DynamicOccludee: 1
  m_StaticShadowCaster: 0
  m_MotionVectors: 1
  m_LightProbeUsage: 1
  m_ReflectionProbeUsage: 1
  m_RayTracingMode: 2
  m_RayTraceProcedural: 0
  m_RenderingLayerMask: 1
  m_RendererPriority: 0
  m_Materials:
  - {fileID: 2100000, guid: bf35d80498f72c34dac1d7c7885f68cd, type: 2}
  m_StaticBatchInfo:
    firstSubMesh: 0
    subMeshCount: 0
  m_StaticBatchRoot: {fileID: 0}
  m_ProbeAnchor: {fileID: 0}
  m_LightProbeVolumeOverride: {fileID: 0}
  m_ScaleInLightmap: 1
  m_ReceiveGI: 1
  m_PreserveUVs: 0
  m_IgnoreNormalsForChartDetection: 0
  m_ImportantGI: 0
  m_StitchLightmapSeams: 1
  m_SelectedEditorRenderState: 3
  m_MinimumChartSize: 4
  m_AutoUVMaxDistance: 0.5
  m_AutoUVMaxAngle: 89
  m_LightmapParameters: {fileID: 0}
  m_SortingLayerID: 0
  m_SortingLayer: 0
  m_SortingOrder: 0
  m_AdditionalVertexStreams: {fileID: 0}
--- !u!1 &1131856543
GameObject:
  m_ObjectHideFlags: 0
  m_CorrespondingSourceObject: {fileID: 0}
  m_PrefabInstance: {fileID: 0}
  m_PrefabAsset: {fileID: 0}
  serializedVersion: 6
  m_Component:
  - component: {fileID: 1131856544}
  - component: {fileID: 1131856546}
  - component: {fileID: 1131856545}
  m_Layer: 0
  m_Name: forestBush (3)
  m_TagString: Untagged
  m_Icon: {fileID: 0}
  m_NavMeshLayer: 0
  m_StaticEditorFlags: 0
  m_IsActive: 1
--- !u!4 &1131856544
Transform:
  m_ObjectHideFlags: 0
  m_CorrespondingSourceObject: {fileID: 0}
  m_PrefabInstance: {fileID: 0}
  m_PrefabAsset: {fileID: 0}
  m_GameObject: {fileID: 1131856543}
  m_LocalRotation: {x: -0.13938126, y: -0.04065362, z: 0.94982654, w: 0.2770376}
  m_LocalPosition: {x: -12.67, y: 4.53, z: 13.88}
  m_LocalScale: {x: 0.7923683, y: 0.96344054, z: 0.7923683}
  m_ConstrainProportionsScale: 0
  m_Children: []
  m_Father: {fileID: 5512813531658963391}
  m_RootOrder: 30
  m_LocalEulerAnglesHint: {x: 0, y: -16.696, z: 147.479}
--- !u!33 &1131856546
MeshFilter:
  m_ObjectHideFlags: 0
  m_CorrespondingSourceObject: {fileID: 0}
  m_PrefabInstance: {fileID: 0}
  m_PrefabAsset: {fileID: 0}
  m_GameObject: {fileID: 1131856543}
  m_Mesh: {fileID: 2141275561234182423, guid: 372821b5c078a3b47b56cc854928fef2, type: 3}
--- !u!23 &1131856545
MeshRenderer:
  m_ObjectHideFlags: 0
  m_CorrespondingSourceObject: {fileID: 0}
  m_PrefabInstance: {fileID: 0}
  m_PrefabAsset: {fileID: 0}
  m_GameObject: {fileID: 1131856543}
  m_Enabled: 1
  m_CastShadows: 1
  m_ReceiveShadows: 1
  m_DynamicOccludee: 1
  m_StaticShadowCaster: 0
  m_MotionVectors: 1
  m_LightProbeUsage: 1
  m_ReflectionProbeUsage: 1
  m_RayTracingMode: 2
  m_RayTraceProcedural: 0
  m_RenderingLayerMask: 1
  m_RendererPriority: 0
  m_Materials:
  - {fileID: 2100000, guid: 5e60adaa578b4354e8ef4ae18ac3c733, type: 2}
  m_StaticBatchInfo:
    firstSubMesh: 0
    subMeshCount: 0
  m_StaticBatchRoot: {fileID: 0}
  m_ProbeAnchor: {fileID: 0}
  m_LightProbeVolumeOverride: {fileID: 0}
  m_ScaleInLightmap: 1
  m_ReceiveGI: 1
  m_PreserveUVs: 0
  m_IgnoreNormalsForChartDetection: 0
  m_ImportantGI: 0
  m_StitchLightmapSeams: 1
  m_SelectedEditorRenderState: 3
  m_MinimumChartSize: 4
  m_AutoUVMaxDistance: 0.5
  m_AutoUVMaxAngle: 89
  m_LightmapParameters: {fileID: 0}
  m_SortingLayerID: 0
  m_SortingLayer: 0
  m_SortingOrder: 0
  m_AdditionalVertexStreams: {fileID: 0}
--- !u!1 &1158296628
GameObject:
  m_ObjectHideFlags: 0
  m_CorrespondingSourceObject: {fileID: 0}
  m_PrefabInstance: {fileID: 0}
  m_PrefabAsset: {fileID: 0}
  serializedVersion: 6
  m_Component:
  - component: {fileID: 1158296630}
  - component: {fileID: 1158296629}
  m_Layer: 0
  m_Name: Light Probe Group
  m_TagString: Untagged
  m_Icon: {fileID: 0}
  m_NavMeshLayer: 0
  m_StaticEditorFlags: 0
  m_IsActive: 1
--- !u!4 &1158296630
Transform:
  m_ObjectHideFlags: 0
  m_CorrespondingSourceObject: {fileID: 0}
  m_PrefabInstance: {fileID: 0}
  m_PrefabAsset: {fileID: 0}
  m_GameObject: {fileID: 1158296628}
  m_LocalRotation: {x: -0, y: 0, z: -0, w: 1}
  m_LocalPosition: {x: 0.12783739, y: 0.87225664, z: 0}
  m_LocalScale: {x: 1, y: 1, z: 1}
  m_ConstrainProportionsScale: 0
  m_Children: []
  m_Father: {fileID: 5512813531658963391}
  m_RootOrder: 31
  m_LocalEulerAnglesHint: {x: 0, y: 0, z: 0}
--- !u!220 &1158296629
LightProbeGroup:
  m_ObjectHideFlags: 0
  m_CorrespondingSourceObject: {fileID: 0}
  m_PrefabInstance: {fileID: 0}
  m_PrefabAsset: {fileID: 0}
  m_GameObject: {fileID: 1158296628}
  m_Enabled: 1
  m_SourcePositions:
  - {x: 1.4148769, y: 2.609296, z: 1}
  - {x: -3.3434033, y: 2.609296, z: -0.072227}
  - {x: 1.4148769, y: -1, z: 1}
  - {x: -3.3434033, y: -1, z: -0.072227}
  - {x: -1.7971147, y: 2.609296, z: 1}
  - {x: -1.7971147, y: 2.609296, z: -1}
  - {x: -1.7971147, y: -1, z: 1}
  - {x: -1.7971147, y: -1, z: -1}
  - {x: 1.4148769, y: 2.609296, z: -1}
  - {x: 1.4148769, y: -1, z: -1}
  - {x: 0.36886027, y: 2.609296, z: -2.3656335}
  - {x: 0.36886027, y: -1, z: -2.3656335}
  - {x: 2.5888345, y: 2.609296, z: -0.114681244}
  - {x: 2.5888345, y: -1, z: -0.114681244}
  - {x: -0.033877343, y: 2.609296, z: 2.6460962}
  - {x: -0.033877343, y: -1, z: 2.6460962}
  - {x: 1.4148769, y: 1, z: 1}
  - {x: -3.3434033, y: 1, z: -0.072227}
  - {x: -1.7971147, y: 1, z: 1}
  - {x: -1.7971147, y: 1, z: -1}
  - {x: 1.4148769, y: 1, z: -1}
  - {x: 0.36886027, y: 1, z: -2.3656335}
  - {x: 2.5888345, y: 1, z: -0.114681244}
  - {x: -0.033877343, y: 1, z: 2.6460962}
  m_Dering: 1
--- !u!1 &1267090470
GameObject:
  m_ObjectHideFlags: 0
  m_CorrespondingSourceObject: {fileID: 0}
  m_PrefabInstance: {fileID: 0}
  m_PrefabAsset: {fileID: 0}
  serializedVersion: 6
  m_Component:
  - component: {fileID: 1267090471}
  - component: {fileID: 1267090474}
  - component: {fileID: 1267090473}
  - component: {fileID: 1267090472}
  m_Layer: 0
  m_Name: Quad (5)
  m_TagString: Untagged
  m_Icon: {fileID: 0}
  m_NavMeshLayer: 0
  m_StaticEditorFlags: 0
  m_IsActive: 1
--- !u!4 &1267090471
Transform:
  m_ObjectHideFlags: 0
  m_CorrespondingSourceObject: {fileID: 0}
  m_PrefabInstance: {fileID: 0}
  m_PrefabAsset: {fileID: 0}
  m_GameObject: {fileID: 1267090470}
  m_LocalRotation: {x: -0, y: -0, z: -0.84198946, w: 0.5394941}
  m_LocalPosition: {x: 11.3, y: 14.1, z: 31.54}
  m_LocalScale: {x: 13.056987, y: 1.2637464, z: 5.11691}
  m_ConstrainProportionsScale: 0
  m_Children: []
  m_Father: {fileID: 5512813531658963391}
  m_RootOrder: 12
  m_LocalEulerAnglesHint: {x: 0, y: 0, z: -114.702}
--- !u!33 &1267090474
MeshFilter:
  m_ObjectHideFlags: 0
  m_CorrespondingSourceObject: {fileID: 0}
  m_PrefabInstance: {fileID: 0}
  m_PrefabAsset: {fileID: 0}
  m_GameObject: {fileID: 1267090470}
  m_Mesh: {fileID: 10210, guid: 0000000000000000e000000000000000, type: 0}
--- !u!23 &1267090473
MeshRenderer:
  m_ObjectHideFlags: 0
  m_CorrespondingSourceObject: {fileID: 0}
  m_PrefabInstance: {fileID: 0}
  m_PrefabAsset: {fileID: 0}
  m_GameObject: {fileID: 1267090470}
  m_Enabled: 1
  m_CastShadows: 1
  m_ReceiveShadows: 1
  m_DynamicOccludee: 1
  m_StaticShadowCaster: 0
  m_MotionVectors: 1
  m_LightProbeUsage: 1
  m_ReflectionProbeUsage: 1
  m_RayTracingMode: 2
  m_RayTraceProcedural: 0
  m_RenderingLayerMask: 1
  m_RendererPriority: 0
  m_Materials:
  - {fileID: 2100000, guid: 62639848eef2af4468b41af2bfa4fc80, type: 2}
  m_StaticBatchInfo:
    firstSubMesh: 0
    subMeshCount: 0
  m_StaticBatchRoot: {fileID: 0}
  m_ProbeAnchor: {fileID: 0}
  m_LightProbeVolumeOverride: {fileID: 0}
  m_ScaleInLightmap: 1
  m_ReceiveGI: 1
  m_PreserveUVs: 0
  m_IgnoreNormalsForChartDetection: 0
  m_ImportantGI: 0
  m_StitchLightmapSeams: 1
  m_SelectedEditorRenderState: 3
  m_MinimumChartSize: 4
  m_AutoUVMaxDistance: 0.5
  m_AutoUVMaxAngle: 89
  m_LightmapParameters: {fileID: 0}
  m_SortingLayerID: 0
  m_SortingLayer: 0
  m_SortingOrder: 0
  m_AdditionalVertexStreams: {fileID: 0}
--- !u!64 &1267090472
MeshCollider:
  m_ObjectHideFlags: 0
  m_CorrespondingSourceObject: {fileID: 0}
  m_PrefabInstance: {fileID: 0}
  m_PrefabAsset: {fileID: 0}
  m_GameObject: {fileID: 1267090470}
  m_Material: {fileID: 0}
  m_IsTrigger: 0
  m_Enabled: 1
  serializedVersion: 4
  m_Convex: 0
  m_CookingOptions: 30
  m_Mesh: {fileID: 10210, guid: 0000000000000000e000000000000000, type: 0}
--- !u!1 &1328938603
GameObject:
  m_ObjectHideFlags: 0
  m_CorrespondingSourceObject: {fileID: 0}
  m_PrefabInstance: {fileID: 0}
  m_PrefabAsset: {fileID: 0}
  serializedVersion: 6
  m_Component:
  - component: {fileID: 1328938604}
  - component: {fileID: 1328938607}
  - component: {fileID: 1328938606}
  - component: {fileID: 1328938605}
  m_Layer: 4
  m_Name: Main CameraForest
  m_TagString: MainCamera
  m_Icon: {fileID: 0}
  m_NavMeshLayer: 0
  m_StaticEditorFlags: 0
  m_IsActive: 1
--- !u!4 &1328938604
Transform:
  m_ObjectHideFlags: 0
  m_CorrespondingSourceObject: {fileID: 0}
  m_PrefabInstance: {fileID: 0}
  m_PrefabAsset: {fileID: 0}
  m_GameObject: {fileID: 1328938603}
  m_LocalRotation: {x: -0, y: 0, z: -0, w: 1}
  m_LocalPosition: {x: 0, y: 1.4300001, z: -4.57}
  m_LocalScale: {x: 1, y: 1, z: 1}
  m_ConstrainProportionsScale: 0
  m_Children: []
  m_Father: {fileID: 5512813531658963391}
  m_RootOrder: 17
  m_LocalEulerAnglesHint: {x: 0, y: 0, z: 0}
--- !u!20 &1328938607
Camera:
  m_ObjectHideFlags: 0
  m_CorrespondingSourceObject: {fileID: 0}
  m_PrefabInstance: {fileID: 0}
  m_PrefabAsset: {fileID: 0}
  m_GameObject: {fileID: 1328938603}
  m_Enabled: 1
  serializedVersion: 2
  m_ClearFlags: 1
  m_BackGroundColor: {r: 0.19215687, g: 0.3019608, b: 0.4745098, a: 0}
  m_projectionMatrixMode: 1
  m_GateFitMode: 2
  m_FOVAxisMode: 0
  m_SensorSize: {x: 36, y: 24}
  m_LensShift: {x: 0, y: 0}
  m_FocalLength: 50
  m_NormalizedViewPortRect:
    serializedVersion: 2
    x: 0
    y: 0
    width: 1
    height: 1
  near clip plane: 0.1
  far clip plane: 1000
  field of view: 77
  orthographic: 0
  orthographic size: 5
  m_Depth: -1
  m_CullingMask:
    serializedVersion: 2
    m_Bits: 4294967295
  m_RenderingPath: -1
  m_TargetTexture: {fileID: 0}
  m_TargetDisplay: 0
  m_TargetEye: 3
  m_HDR: 1
  m_AllowMSAA: 1
  m_AllowDynamicResolution: 0
  m_ForceIntoRT: 0
  m_OcclusionCulling: 1
  m_StereoConvergence: 10
  m_StereoSeparation: 0.022
--- !u!114 &1328938606
MonoBehaviour:
  m_ObjectHideFlags: 0
  m_CorrespondingSourceObject: {fileID: 0}
  m_PrefabInstance: {fileID: 0}
  m_PrefabAsset: {fileID: 0}
  m_GameObject: {fileID: 1328938603}
  m_Enabled: 1
  m_EditorHideFlags: 0
  m_Script: {fileID: 11500000, guid: 948f4100a11a5c24981795d21301da5c, type: 3}
  m_Name: 
  m_EditorClassIdentifier: 
  volumeTrigger: {fileID: 1328938604}
  volumeLayer:
    serializedVersion: 2
    m_Bits: 16
  stopNaNPropagation: 1
  finalBlitToCameraTarget: 1
  antialiasingMode: 2
  temporalAntialiasing:
    jitterSpread: 0.75
    sharpness: 0.25
    stationaryBlending: 0.95
    motionBlending: 0.85
  subpixelMorphologicalAntialiasing:
    quality: 2
  fastApproximateAntialiasing:
    fastMode: 0
    keepAlpha: 0
  fog:
    enabled: 1
    excludeSkybox: 1
  debugLayer:
    lightMeter:
      width: 512
      height: 256
      showCurves: 1
    histogram:
      width: 512
      height: 256
      channel: 3
    waveform:
      exposure: 0.12
      height: 256
    vectorscope:
      size: 256
      exposure: 0.12
    overlaySettings:
      linearDepth: 0
      motionColorIntensity: 4
      motionGridSize: 64
      colorBlindnessType: 0
      colorBlindnessStrength: 1
  m_Resources: {fileID: 11400000, guid: d82512f9c8e5d4a4d938b575d47f88d4, type: 2}
  m_ShowToolkit: 0
  m_ShowCustomSorter: 0
  breakBeforeColorGrading: 0
  m_BeforeTransparentBundles: []
  m_BeforeStackBundles: []
  m_AfterStackBundles: []
--- !u!114 &1328938605
MonoBehaviour:
  m_ObjectHideFlags: 0
  m_CorrespondingSourceObject: {fileID: 0}
  m_PrefabInstance: {fileID: 0}
  m_PrefabAsset: {fileID: 0}
  m_GameObject: {fileID: 1328938603}
  m_Enabled: 1
  m_EditorHideFlags: 0
  m_Script: {fileID: 11500000, guid: 8b9a305e18de0c04dbd257a21cd47087, type: 3}
  m_Name: 
  m_EditorClassIdentifier: 
  sharedProfile: {fileID: 11400000, guid: 3922de09876bf0f48813caa387b60cd2, type: 2}
  isGlobal: 1
  blendDistance: 0
  weight: 1
  priority: 1
--- !u!1 &1446030507
GameObject:
  m_ObjectHideFlags: 0
  m_CorrespondingSourceObject: {fileID: 0}
  m_PrefabInstance: {fileID: 0}
  m_PrefabAsset: {fileID: 0}
  serializedVersion: 6
  m_Component:
  - component: {fileID: 1446030508}
  - component: {fileID: 1446030510}
  - component: {fileID: 1446030509}
  m_Layer: 0
  m_Name: foresBGSideTree (2)
  m_TagString: Untagged
  m_Icon: {fileID: 0}
  m_NavMeshLayer: 0
  m_StaticEditorFlags: 0
  m_IsActive: 1
--- !u!4 &1446030508
Transform:
  m_ObjectHideFlags: 0
  m_CorrespondingSourceObject: {fileID: 0}
  m_PrefabInstance: {fileID: 0}
  m_PrefabAsset: {fileID: 0}
  m_GameObject: {fileID: 1446030507}
  m_LocalRotation: {x: -0, y: -0, z: 0.19307117, w: 0.98118484}
  m_LocalPosition: {x: 1.296, y: 4.196, z: -2.85}
  m_LocalScale: {x: 0.03183298, y: 0.06772599, z: 0.0058727916}
  m_ConstrainProportionsScale: 0
  m_Children: []
  m_Father: {fileID: 5512813531658963391}
  m_RootOrder: 14
  m_LocalEulerAnglesHint: {x: 0, y: 0, z: 22.264}
--- !u!33 &1446030510
MeshFilter:
  m_ObjectHideFlags: 0
  m_CorrespondingSourceObject: {fileID: 0}
  m_PrefabInstance: {fileID: 0}
  m_PrefabAsset: {fileID: 0}
  m_GameObject: {fileID: 1446030507}
  m_Mesh: {fileID: 3140437146644478438, guid: 372821b5c078a3b47b56cc854928fef2, type: 3}
--- !u!23 &1446030509
MeshRenderer:
  m_ObjectHideFlags: 0
  m_CorrespondingSourceObject: {fileID: 0}
  m_PrefabInstance: {fileID: 0}
  m_PrefabAsset: {fileID: 0}
  m_GameObject: {fileID: 1446030507}
  m_Enabled: 1
  m_CastShadows: 1
  m_ReceiveShadows: 1
  m_DynamicOccludee: 1
  m_StaticShadowCaster: 0
  m_MotionVectors: 1
  m_LightProbeUsage: 1
  m_ReflectionProbeUsage: 1
  m_RayTracingMode: 2
  m_RayTraceProcedural: 0
  m_RenderingLayerMask: 1
  m_RendererPriority: 0
  m_Materials:
  - {fileID: 2100000, guid: 886038f9a85fd2a4ea249e1641e16aef, type: 2}
  m_StaticBatchInfo:
    firstSubMesh: 0
    subMeshCount: 0
  m_StaticBatchRoot: {fileID: 0}
  m_ProbeAnchor: {fileID: 0}
  m_LightProbeVolumeOverride: {fileID: 0}
  m_ScaleInLightmap: 1
  m_ReceiveGI: 1
  m_PreserveUVs: 0
  m_IgnoreNormalsForChartDetection: 0
  m_ImportantGI: 0
  m_StitchLightmapSeams: 1
  m_SelectedEditorRenderState: 3
  m_MinimumChartSize: 4
  m_AutoUVMaxDistance: 0.5
  m_AutoUVMaxAngle: 89
  m_LightmapParameters: {fileID: 0}
  m_SortingLayerID: 0
  m_SortingLayer: 0
  m_SortingOrder: 0
  m_AdditionalVertexStreams: {fileID: 0}
--- !u!1 &1451726953
GameObject:
  m_ObjectHideFlags: 0
  m_CorrespondingSourceObject: {fileID: 0}
  m_PrefabInstance: {fileID: 0}
  m_PrefabAsset: {fileID: 0}
  serializedVersion: 6
  m_Component:
  - component: {fileID: 1451726954}
  - component: {fileID: 1451726956}
  - component: {fileID: 1451726955}
  m_Layer: 0
  m_Name: forestBush (2)
  m_TagString: Untagged
  m_Icon: {fileID: 0}
  m_NavMeshLayer: 0
  m_StaticEditorFlags: 0
  m_IsActive: 1
--- !u!4 &1451726954
Transform:
  m_ObjectHideFlags: 0
  m_CorrespondingSourceObject: {fileID: 0}
  m_PrefabInstance: {fileID: 0}
  m_PrefabAsset: {fileID: 0}
  m_GameObject: {fileID: 1451726953}
  m_LocalRotation: {x: -0.13938126, y: -0.04065362, z: 0.94982654, w: 0.2770376}
  m_LocalPosition: {x: -9.49, y: 4.53, z: 13.77}
  m_LocalScale: {x: 0.7923683, y: 0.96344054, z: 0.7923683}
  m_ConstrainProportionsScale: 0
  m_Children: []
  m_Father: {fileID: 5512813531658963391}
  m_RootOrder: 29
  m_LocalEulerAnglesHint: {x: 0, y: -16.696, z: 147.479}
--- !u!33 &1451726956
MeshFilter:
  m_ObjectHideFlags: 0
  m_CorrespondingSourceObject: {fileID: 0}
  m_PrefabInstance: {fileID: 0}
  m_PrefabAsset: {fileID: 0}
  m_GameObject: {fileID: 1451726953}
  m_Mesh: {fileID: 2141275561234182423, guid: 372821b5c078a3b47b56cc854928fef2, type: 3}
--- !u!23 &1451726955
MeshRenderer:
  m_ObjectHideFlags: 0
  m_CorrespondingSourceObject: {fileID: 0}
  m_PrefabInstance: {fileID: 0}
  m_PrefabAsset: {fileID: 0}
  m_GameObject: {fileID: 1451726953}
  m_Enabled: 1
  m_CastShadows: 1
  m_ReceiveShadows: 1
  m_DynamicOccludee: 1
  m_StaticShadowCaster: 0
  m_MotionVectors: 1
  m_LightProbeUsage: 1
  m_ReflectionProbeUsage: 1
  m_RayTracingMode: 2
  m_RayTraceProcedural: 0
  m_RenderingLayerMask: 1
  m_RendererPriority: 0
  m_Materials:
  - {fileID: 2100000, guid: 5e60adaa578b4354e8ef4ae18ac3c733, type: 2}
  m_StaticBatchInfo:
    firstSubMesh: 0
    subMeshCount: 0
  m_StaticBatchRoot: {fileID: 0}
  m_ProbeAnchor: {fileID: 0}
  m_LightProbeVolumeOverride: {fileID: 0}
  m_ScaleInLightmap: 1
  m_ReceiveGI: 1
  m_PreserveUVs: 0
  m_IgnoreNormalsForChartDetection: 0
  m_ImportantGI: 0
  m_StitchLightmapSeams: 1
  m_SelectedEditorRenderState: 3
  m_MinimumChartSize: 4
  m_AutoUVMaxDistance: 0.5
  m_AutoUVMaxAngle: 89
  m_LightmapParameters: {fileID: 0}
  m_SortingLayerID: 0
  m_SortingLayer: 0
  m_SortingOrder: 0
  m_AdditionalVertexStreams: {fileID: 0}
--- !u!1 &1739147633
GameObject:
  m_ObjectHideFlags: 0
  m_CorrespondingSourceObject: {fileID: 0}
  m_PrefabInstance: {fileID: 0}
  m_PrefabAsset: {fileID: 0}
  serializedVersion: 6
  m_Component:
  - component: {fileID: 1739147634}
  - component: {fileID: 1739147636}
  - component: {fileID: 1739147635}
  m_Layer: 0
  m_Name: forestBush (1)
  m_TagString: Untagged
  m_Icon: {fileID: 0}
  m_NavMeshLayer: 0
  m_StaticEditorFlags: 0
  m_IsActive: 1
--- !u!4 &1739147634
Transform:
  m_ObjectHideFlags: 0
  m_CorrespondingSourceObject: {fileID: 0}
  m_PrefabInstance: {fileID: 0}
  m_PrefabAsset: {fileID: 0}
  m_GameObject: {fileID: 1739147633}
  m_LocalRotation: {x: -0.18333007, y: 0.0061603724, z: 0.9821551, w: -0.041514393}
  m_LocalPosition: {x: -10.45, y: 2.28, z: 6.56}
  m_LocalScale: {x: 0.7923683, y: 0.96344054, z: 0.7923683}
  m_ConstrainProportionsScale: 0
  m_Children: []
  m_Father: {fileID: 5512813531658963391}
  m_RootOrder: 28
  m_LocalEulerAnglesHint: {x: 0.179, y: -21.139, z: 184.807}
--- !u!33 &1739147636
MeshFilter:
  m_ObjectHideFlags: 0
  m_CorrespondingSourceObject: {fileID: 0}
  m_PrefabInstance: {fileID: 0}
  m_PrefabAsset: {fileID: 0}
  m_GameObject: {fileID: 1739147633}
  m_Mesh: {fileID: 2141275561234182423, guid: 372821b5c078a3b47b56cc854928fef2, type: 3}
--- !u!23 &1739147635
MeshRenderer:
  m_ObjectHideFlags: 0
  m_CorrespondingSourceObject: {fileID: 0}
  m_PrefabInstance: {fileID: 0}
  m_PrefabAsset: {fileID: 0}
  m_GameObject: {fileID: 1739147633}
  m_Enabled: 1
  m_CastShadows: 1
  m_ReceiveShadows: 1
  m_DynamicOccludee: 1
  m_StaticShadowCaster: 0
  m_MotionVectors: 1
  m_LightProbeUsage: 1
  m_ReflectionProbeUsage: 1
  m_RayTracingMode: 2
  m_RayTraceProcedural: 0
  m_RenderingLayerMask: 1
  m_RendererPriority: 0
  m_Materials:
  - {fileID: 2100000, guid: bf35d80498f72c34dac1d7c7885f68cd, type: 2}
  m_StaticBatchInfo:
    firstSubMesh: 0
    subMeshCount: 0
  m_StaticBatchRoot: {fileID: 0}
  m_ProbeAnchor: {fileID: 0}
  m_LightProbeVolumeOverride: {fileID: 0}
  m_ScaleInLightmap: 1
  m_ReceiveGI: 1
  m_PreserveUVs: 0
  m_IgnoreNormalsForChartDetection: 0
  m_ImportantGI: 0
  m_StitchLightmapSeams: 1
  m_SelectedEditorRenderState: 3
  m_MinimumChartSize: 4
  m_AutoUVMaxDistance: 0.5
  m_AutoUVMaxAngle: 89
  m_LightmapParameters: {fileID: 0}
  m_SortingLayerID: 0
  m_SortingLayer: 0
  m_SortingOrder: 0
  m_AdditionalVertexStreams: {fileID: 0}
--- !u!1 &1757095052
GameObject:
  m_ObjectHideFlags: 0
  m_CorrespondingSourceObject: {fileID: 0}
  m_PrefabInstance: {fileID: 0}
  m_PrefabAsset: {fileID: 0}
  serializedVersion: 6
  m_Component:
  - component: {fileID: 1757095053}
  - component: {fileID: 1757095055}
  - component: {fileID: 1757095054}
  m_Layer: 0
  m_Name: forestBush (4)
  m_TagString: Untagged
  m_Icon: {fileID: 0}
  m_NavMeshLayer: 0
  m_StaticEditorFlags: 0
  m_IsActive: 1
--- !u!4 &1757095053
Transform:
  m_ObjectHideFlags: 0
  m_CorrespondingSourceObject: {fileID: 0}
  m_PrefabInstance: {fileID: 0}
  m_PrefabAsset: {fileID: 0}
  m_GameObject: {fileID: 1757095052}
  m_LocalRotation: {x: -0, y: 0.34693184, z: -0, w: 0.93789035}
  m_LocalPosition: {x: -22.86, y: -7.45, z: 16.67}
  m_LocalScale: {x: 0.31889617, y: 0.31889617, z: 0.31889617}
  m_ConstrainProportionsScale: 0
  m_Children: []
  m_Father: {fileID: 2089455039}
  m_RootOrder: 0
  m_LocalEulerAnglesHint: {x: 0, y: 40.6, z: 0}
--- !u!33 &1757095055
MeshFilter:
  m_ObjectHideFlags: 0
  m_CorrespondingSourceObject: {fileID: 0}
  m_PrefabInstance: {fileID: 0}
  m_PrefabAsset: {fileID: 0}
  m_GameObject: {fileID: 1757095052}
  m_Mesh: {fileID: 2141275561234182423, guid: 372821b5c078a3b47b56cc854928fef2, type: 3}
--- !u!23 &1757095054
MeshRenderer:
  m_ObjectHideFlags: 0
  m_CorrespondingSourceObject: {fileID: 0}
  m_PrefabInstance: {fileID: 0}
  m_PrefabAsset: {fileID: 0}
  m_GameObject: {fileID: 1757095052}
  m_Enabled: 1
  m_CastShadows: 1
  m_ReceiveShadows: 1
  m_DynamicOccludee: 1
  m_StaticShadowCaster: 0
  m_MotionVectors: 1
  m_LightProbeUsage: 1
  m_ReflectionProbeUsage: 1
  m_RayTracingMode: 2
  m_RayTraceProcedural: 0
  m_RenderingLayerMask: 1
  m_RendererPriority: 0
  m_Materials:
  - {fileID: 2100000, guid: 09e70188327641143894a9386c2996b2, type: 2}
  m_StaticBatchInfo:
    firstSubMesh: 0
    subMeshCount: 0
  m_StaticBatchRoot: {fileID: 0}
  m_ProbeAnchor: {fileID: 0}
  m_LightProbeVolumeOverride: {fileID: 0}
  m_ScaleInLightmap: 1
  m_ReceiveGI: 1
  m_PreserveUVs: 0
  m_IgnoreNormalsForChartDetection: 0
  m_ImportantGI: 0
  m_StitchLightmapSeams: 1
  m_SelectedEditorRenderState: 3
  m_MinimumChartSize: 4
  m_AutoUVMaxDistance: 0.5
  m_AutoUVMaxAngle: 89
  m_LightmapParameters: {fileID: 0}
  m_SortingLayerID: 0
  m_SortingLayer: 0
  m_SortingOrder: 0
  m_AdditionalVertexStreams: {fileID: 0}
--- !u!1 &1771922336
GameObject:
  m_ObjectHideFlags: 0
  m_CorrespondingSourceObject: {fileID: 0}
  m_PrefabInstance: {fileID: 0}
  m_PrefabAsset: {fileID: 0}
  serializedVersion: 6
  m_Component:
  - component: {fileID: 1771922337}
  - component: {fileID: 1771922338}
  m_Layer: 0
  m_Name: Directional Light (6)
  m_TagString: Untagged
  m_Icon: {fileID: 0}
  m_NavMeshLayer: 0
  m_StaticEditorFlags: 0
  m_IsActive: 1
--- !u!4 &1771922337
Transform:
  m_ObjectHideFlags: 0
  m_CorrespondingSourceObject: {fileID: 0}
  m_PrefabInstance: {fileID: 0}
  m_PrefabAsset: {fileID: 0}
  m_GameObject: {fileID: 1771922336}
  m_LocalRotation: {x: 0.4036146, y: 0.36336893, z: -0.098610625, w: 0.8338671}
  m_LocalPosition: {x: -4.6603746, y: 3, z: 0.6090347}
  m_LocalScale: {x: 1, y: 1, z: 1}
  m_ConstrainProportionsScale: 0
  m_Children: []
  m_Father: {fileID: 5512813531658963391}
  m_RootOrder: 19
  m_LocalEulerAnglesHint: {x: 48.141, y: 224.633, z: 11.135}
--- !u!108 &1771922338
Light:
  m_ObjectHideFlags: 0
  m_CorrespondingSourceObject: {fileID: 0}
  m_PrefabInstance: {fileID: 0}
  m_PrefabAsset: {fileID: 0}
  m_GameObject: {fileID: 1771922336}
  m_Enabled: 1
  serializedVersion: 10
  m_Type: 1
  m_Shape: 0
  m_Color: {r: 0.9647059, g: 0.99215686, b: 0.49803922, a: 1}
  m_Intensity: 1.92
  m_Range: 10
  m_SpotAngle: 30
  m_InnerSpotAngle: 21.80208
  m_CookieSize: 10
  m_Shadows:
    m_Type: 0
    m_Resolution: 3
    m_CustomResolution: -1
    m_Strength: 1
    m_Bias: 0.05
    m_NormalBias: 0.4
    m_NearPlane: 0.2
    m_CullingMatrixOverride:
      e00: 1
      e01: 0
      e02: 0
      e03: 0
      e10: 0
      e11: 1
      e12: 0
      e13: 0
      e20: 0
      e21: 0
      e22: 1
      e23: 0
      e30: 0
      e31: 0
      e32: 0
      e33: 1
    m_UseCullingMatrixOverride: 0
  m_Cookie: {fileID: 0}
  m_DrawHalo: 0
  m_Flare: {fileID: 0}
  m_RenderMode: 1
  m_CullingMask:
    serializedVersion: 2
    m_Bits: 8
  m_RenderingLayerMask: 1
  m_Lightmapping: 4
  m_LightShadowCasterMode: 0
  m_AreaSize: {x: 1, y: 1}
  m_BounceIntensity: 1
  m_ColorTemperature: 6570
  m_UseColorTemperature: 0
  m_BoundingSphereOverride: {x: 0, y: 3.4e-44, z: 0, w: 3.4e-44}
  m_UseBoundingSphereOverride: 0
  m_UseViewFrustumForShadowCasterCull: 1
  m_ShadowRadius: 0
  m_ShadowAngle: 0
--- !u!1 &1782827439
GameObject:
  m_ObjectHideFlags: 0
  m_CorrespondingSourceObject: {fileID: 0}
  m_PrefabInstance: {fileID: 0}
  m_PrefabAsset: {fileID: 0}
  serializedVersion: 6
  m_Component:
  - component: {fileID: 1782827440}
  - component: {fileID: 1782827443}
  - component: {fileID: 1782827442}
  - component: {fileID: 1782827441}
  m_Layer: 0
  m_Name: Quad (4)
  m_TagString: Untagged
  m_Icon: {fileID: 0}
  m_NavMeshLayer: 0
  m_StaticEditorFlags: 0
  m_IsActive: 1
--- !u!4 &1782827440
Transform:
  m_ObjectHideFlags: 0
  m_CorrespondingSourceObject: {fileID: 0}
  m_PrefabInstance: {fileID: 0}
  m_PrefabAsset: {fileID: 0}
  m_GameObject: {fileID: 1782827439}
  m_LocalRotation: {x: -0, y: -0, z: -0.84198946, w: 0.5394941}
  m_LocalPosition: {x: -4.03, y: 8.95, z: 15.19}
  m_LocalScale: {x: 10.3818, y: 4.59405, z: 6.0735}
  m_ConstrainProportionsScale: 0
  m_Children: []
  m_Father: {fileID: 5512813531658963391}
  m_RootOrder: 27
  m_LocalEulerAnglesHint: {x: 0, y: 0, z: -114.702}
--- !u!33 &1782827443
MeshFilter:
  m_ObjectHideFlags: 0
  m_CorrespondingSourceObject: {fileID: 0}
  m_PrefabInstance: {fileID: 0}
  m_PrefabAsset: {fileID: 0}
  m_GameObject: {fileID: 1782827439}
  m_Mesh: {fileID: 10210, guid: 0000000000000000e000000000000000, type: 0}
--- !u!23 &1782827442
MeshRenderer:
  m_ObjectHideFlags: 0
  m_CorrespondingSourceObject: {fileID: 0}
  m_PrefabInstance: {fileID: 0}
  m_PrefabAsset: {fileID: 0}
  m_GameObject: {fileID: 1782827439}
  m_Enabled: 1
  m_CastShadows: 1
  m_ReceiveShadows: 1
  m_DynamicOccludee: 1
  m_StaticShadowCaster: 0
  m_MotionVectors: 1
  m_LightProbeUsage: 1
  m_ReflectionProbeUsage: 1
  m_RayTracingMode: 2
  m_RayTraceProcedural: 0
  m_RenderingLayerMask: 1
  m_RendererPriority: 0
  m_Materials:
  - {fileID: 2100000, guid: 62639848eef2af4468b41af2bfa4fc80, type: 2}
  m_StaticBatchInfo:
    firstSubMesh: 0
    subMeshCount: 0
  m_StaticBatchRoot: {fileID: 0}
  m_ProbeAnchor: {fileID: 0}
  m_LightProbeVolumeOverride: {fileID: 0}
  m_ScaleInLightmap: 1
  m_ReceiveGI: 1
  m_PreserveUVs: 0
  m_IgnoreNormalsForChartDetection: 0
  m_ImportantGI: 0
  m_StitchLightmapSeams: 1
  m_SelectedEditorRenderState: 3
  m_MinimumChartSize: 4
  m_AutoUVMaxDistance: 0.5
  m_AutoUVMaxAngle: 89
  m_LightmapParameters: {fileID: 0}
  m_SortingLayerID: 0
  m_SortingLayer: 0
  m_SortingOrder: 0
  m_AdditionalVertexStreams: {fileID: 0}
--- !u!64 &1782827441
MeshCollider:
  m_ObjectHideFlags: 0
  m_CorrespondingSourceObject: {fileID: 0}
  m_PrefabInstance: {fileID: 0}
  m_PrefabAsset: {fileID: 0}
  m_GameObject: {fileID: 1782827439}
  m_Material: {fileID: 0}
  m_IsTrigger: 0
  m_Enabled: 1
  serializedVersion: 4
  m_Convex: 0
  m_CookingOptions: 30
  m_Mesh: {fileID: 10210, guid: 0000000000000000e000000000000000, type: 0}
--- !u!1 &1838066321
GameObject:
  m_ObjectHideFlags: 0
  m_CorrespondingSourceObject: {fileID: 0}
  m_PrefabInstance: {fileID: 0}
  m_PrefabAsset: {fileID: 0}
  serializedVersion: 6
  m_Component:
  - component: {fileID: 1838066322}
  - component: {fileID: 1838066324}
  - component: {fileID: 1838066323}
  m_Layer: 3
  m_Name: forestFloor (1)
  m_TagString: Untagged
  m_Icon: {fileID: 0}
  m_NavMeshLayer: 0
  m_StaticEditorFlags: 0
  m_IsActive: 1
--- !u!4 &1838066322
Transform:
  m_ObjectHideFlags: 0
  m_CorrespondingSourceObject: {fileID: 0}
  m_PrefabInstance: {fileID: 0}
  m_PrefabAsset: {fileID: 0}
  m_GameObject: {fileID: 1838066321}
  m_LocalRotation: {x: -0.5, y: 0.5, z: -0.5, w: 0.5}
  m_LocalPosition: {x: 0.39702326, y: 0, z: 120.1}
  m_LocalScale: {x: 4.783, y: 4.783, z: 10.822016}
  m_ConstrainProportionsScale: 0
  m_Children: []
  m_Father: {fileID: 5512813531658963391}
  m_RootOrder: 11
  m_LocalEulerAnglesHint: {x: 0, y: 90, z: -90}
--- !u!33 &1838066324
MeshFilter:
  m_ObjectHideFlags: 0
  m_CorrespondingSourceObject: {fileID: 0}
  m_PrefabInstance: {fileID: 0}
  m_PrefabAsset: {fileID: 0}
  m_GameObject: {fileID: 1838066321}
  m_Mesh: {fileID: -8372610384332624190, guid: 372821b5c078a3b47b56cc854928fef2, type: 3}
--- !u!23 &1838066323
MeshRenderer:
  m_ObjectHideFlags: 0
  m_CorrespondingSourceObject: {fileID: 0}
  m_PrefabInstance: {fileID: 0}
  m_PrefabAsset: {fileID: 0}
  m_GameObject: {fileID: 1838066321}
  m_Enabled: 1
  m_CastShadows: 1
  m_ReceiveShadows: 1
  m_DynamicOccludee: 1
  m_StaticShadowCaster: 0
  m_MotionVectors: 1
  m_LightProbeUsage: 1
  m_ReflectionProbeUsage: 1
  m_RayTracingMode: 2
  m_RayTraceProcedural: 0
  m_RenderingLayerMask: 1
  m_RendererPriority: 0
  m_Materials:
  - {fileID: 2100000, guid: 87b832db5718ce84a90cf2fe6ca72799, type: 2}
  m_StaticBatchInfo:
    firstSubMesh: 0
    subMeshCount: 0
  m_StaticBatchRoot: {fileID: 0}
  m_ProbeAnchor: {fileID: 0}
  m_LightProbeVolumeOverride: {fileID: 0}
  m_ScaleInLightmap: 1
  m_ReceiveGI: 1
  m_PreserveUVs: 0
  m_IgnoreNormalsForChartDetection: 0
  m_ImportantGI: 0
  m_StitchLightmapSeams: 1
  m_SelectedEditorRenderState: 3
  m_MinimumChartSize: 4
  m_AutoUVMaxDistance: 0.5
  m_AutoUVMaxAngle: 89
  m_LightmapParameters: {fileID: 0}
  m_SortingLayerID: 0
  m_SortingLayer: 0
  m_SortingOrder: 0
  m_AdditionalVertexStreams: {fileID: 0}
--- !u!1 &1902966146
GameObject:
  m_ObjectHideFlags: 0
  m_CorrespondingSourceObject: {fileID: 0}
  m_PrefabInstance: {fileID: 0}
  m_PrefabAsset: {fileID: 0}
  serializedVersion: 6
  m_Component:
  - component: {fileID: 1902966147}
  - component: {fileID: 1902966149}
  - component: {fileID: 1902966148}
  m_Layer: 0
  m_Name: forestBush (7)
  m_TagString: Untagged
  m_Icon: {fileID: 0}
  m_NavMeshLayer: 0
  m_StaticEditorFlags: 0
  m_IsActive: 1
--- !u!4 &1902966147
Transform:
  m_ObjectHideFlags: 0
  m_CorrespondingSourceObject: {fileID: 0}
  m_PrefabInstance: {fileID: 0}
  m_PrefabAsset: {fileID: 0}
  m_GameObject: {fileID: 1902966146}
  m_LocalRotation: {x: -0, y: -0, z: 0.7291921, w: 0.6843092}
  m_LocalPosition: {x: -17.28, y: -1.38, z: 24.52}
  m_LocalScale: {x: 0.79236835, y: 0.9634406, z: 0.7923683}
  m_ConstrainProportionsScale: 0
  m_Children: []
  m_Father: {fileID: 2089455039}
  m_RootOrder: 3
  m_LocalEulerAnglesHint: {x: 0, y: 0, z: 93.637}
--- !u!33 &1902966149
MeshFilter:
  m_ObjectHideFlags: 0
  m_CorrespondingSourceObject: {fileID: 0}
  m_PrefabInstance: {fileID: 0}
  m_PrefabAsset: {fileID: 0}
  m_GameObject: {fileID: 1902966146}
  m_Mesh: {fileID: 2141275561234182423, guid: 372821b5c078a3b47b56cc854928fef2, type: 3}
--- !u!23 &1902966148
MeshRenderer:
  m_ObjectHideFlags: 0
  m_CorrespondingSourceObject: {fileID: 0}
  m_PrefabInstance: {fileID: 0}
  m_PrefabAsset: {fileID: 0}
  m_GameObject: {fileID: 1902966146}
  m_Enabled: 1
  m_CastShadows: 1
  m_ReceiveShadows: 1
  m_DynamicOccludee: 1
  m_StaticShadowCaster: 0
  m_MotionVectors: 1
  m_LightProbeUsage: 1
  m_ReflectionProbeUsage: 1
  m_RayTracingMode: 2
  m_RayTraceProcedural: 0
  m_RenderingLayerMask: 1
  m_RendererPriority: 0
  m_Materials:
  - {fileID: 2100000, guid: 5e60adaa578b4354e8ef4ae18ac3c733, type: 2}
  m_StaticBatchInfo:
    firstSubMesh: 0
    subMeshCount: 0
  m_StaticBatchRoot: {fileID: 0}
  m_ProbeAnchor: {fileID: 0}
  m_LightProbeVolumeOverride: {fileID: 0}
  m_ScaleInLightmap: 1
  m_ReceiveGI: 1
  m_PreserveUVs: 0
  m_IgnoreNormalsForChartDetection: 0
  m_ImportantGI: 0
  m_StitchLightmapSeams: 1
  m_SelectedEditorRenderState: 3
  m_MinimumChartSize: 4
  m_AutoUVMaxDistance: 0.5
  m_AutoUVMaxAngle: 89
  m_LightmapParameters: {fileID: 0}
  m_SortingLayerID: 0
  m_SortingLayer: 0
  m_SortingOrder: 0
  m_AdditionalVertexStreams: {fileID: 0}
--- !u!1 &1923962122
GameObject:
  m_ObjectHideFlags: 0
  m_CorrespondingSourceObject: {fileID: 0}
  m_PrefabInstance: {fileID: 0}
  m_PrefabAsset: {fileID: 0}
  serializedVersion: 6
  m_Component:
  - component: {fileID: 1923962123}
  - component: {fileID: 1923962126}
  - component: {fileID: 1923962125}
  - component: {fileID: 1923962124}
  m_Layer: 0
  m_Name: Quad
  m_TagString: Untagged
  m_Icon: {fileID: 0}
  m_NavMeshLayer: 0
  m_StaticEditorFlags: 0
  m_IsActive: 1
--- !u!4 &1923962123
Transform:
  m_ObjectHideFlags: 0
  m_CorrespondingSourceObject: {fileID: 0}
  m_PrefabInstance: {fileID: 0}
  m_PrefabAsset: {fileID: 0}
  m_GameObject: {fileID: 1923962122}
  m_LocalRotation: {x: -0, y: -0, z: -0.84198946, w: 0.5394941}
  m_LocalPosition: {x: 1.41, y: 3.33, z: -1.217}
  m_LocalScale: {x: 14.809801, y: 2.374192, z: 6.0735}
  m_ConstrainProportionsScale: 0
  m_Children: []
  m_Father: {fileID: 5512813531658963391}
  m_RootOrder: 23
  m_LocalEulerAnglesHint: {x: 0, y: 0, z: -114.702}
--- !u!33 &1923962126
MeshFilter:
  m_ObjectHideFlags: 0
  m_CorrespondingSourceObject: {fileID: 0}
  m_PrefabInstance: {fileID: 0}
  m_PrefabAsset: {fileID: 0}
  m_GameObject: {fileID: 1923962122}
  m_Mesh: {fileID: 10210, guid: 0000000000000000e000000000000000, type: 0}
--- !u!23 &1923962125
MeshRenderer:
  m_ObjectHideFlags: 0
  m_CorrespondingSourceObject: {fileID: 0}
  m_PrefabInstance: {fileID: 0}
  m_PrefabAsset: {fileID: 0}
  m_GameObject: {fileID: 1923962122}
  m_Enabled: 1
  m_CastShadows: 1
  m_ReceiveShadows: 1
  m_DynamicOccludee: 1
  m_StaticShadowCaster: 0
  m_MotionVectors: 1
  m_LightProbeUsage: 1
  m_ReflectionProbeUsage: 1
  m_RayTracingMode: 2
  m_RayTraceProcedural: 0
  m_RenderingLayerMask: 1
  m_RendererPriority: 0
  m_Materials:
  - {fileID: 2100000, guid: 62639848eef2af4468b41af2bfa4fc80, type: 2}
  m_StaticBatchInfo:
    firstSubMesh: 0
    subMeshCount: 0
  m_StaticBatchRoot: {fileID: 0}
  m_ProbeAnchor: {fileID: 0}
  m_LightProbeVolumeOverride: {fileID: 0}
  m_ScaleInLightmap: 1
  m_ReceiveGI: 1
  m_PreserveUVs: 0
  m_IgnoreNormalsForChartDetection: 0
  m_ImportantGI: 0
  m_StitchLightmapSeams: 1
  m_SelectedEditorRenderState: 3
  m_MinimumChartSize: 4
  m_AutoUVMaxDistance: 0.5
  m_AutoUVMaxAngle: 89
  m_LightmapParameters: {fileID: 0}
  m_SortingLayerID: 0
  m_SortingLayer: 0
  m_SortingOrder: 0
  m_AdditionalVertexStreams: {fileID: 0}
--- !u!64 &1923962124
MeshCollider:
  m_ObjectHideFlags: 0
  m_CorrespondingSourceObject: {fileID: 0}
  m_PrefabInstance: {fileID: 0}
  m_PrefabAsset: {fileID: 0}
  m_GameObject: {fileID: 1923962122}
  m_Material: {fileID: 0}
  m_IsTrigger: 0
  m_Enabled: 1
  serializedVersion: 4
  m_Convex: 0
  m_CookingOptions: 30
  m_Mesh: {fileID: 10210, guid: 0000000000000000e000000000000000, type: 0}
--- !u!1 &2055222700
GameObject:
  m_ObjectHideFlags: 0
  m_CorrespondingSourceObject: {fileID: 0}
  m_PrefabInstance: {fileID: 0}
  m_PrefabAsset: {fileID: 0}
  serializedVersion: 6
  m_Component:
  - component: {fileID: 2055222701}
  - component: {fileID: 2055222702}
  m_Layer: 0
  m_Name: Directional Light (5)
  m_TagString: Untagged
  m_Icon: {fileID: 0}
  m_NavMeshLayer: 0
  m_StaticEditorFlags: 0
  m_IsActive: 1
--- !u!4 &2055222701
Transform:
  m_ObjectHideFlags: 0
  m_CorrespondingSourceObject: {fileID: 0}
  m_PrefabInstance: {fileID: 0}
  m_PrefabAsset: {fileID: 0}
  m_GameObject: {fileID: 2055222700}
  m_LocalRotation: {x: 0.0052747494, y: 0.7850297, z: -0.11463454, w: -0.60873604}
  m_LocalPosition: {x: 4.4719753, y: 3, z: -0.584414}
  m_LocalScale: {x: 1, y: 1, z: 1}
  m_ConstrainProportionsScale: 0
  m_Children: []
  m_Father: {fileID: 5512813531658963391}
  m_RootOrder: 18
  m_LocalEulerAnglesHint: {x: 9.995, y: 248.893, z: 8.634}
--- !u!108 &2055222702
Light:
  m_ObjectHideFlags: 0
  m_CorrespondingSourceObject: {fileID: 0}
  m_PrefabInstance: {fileID: 0}
  m_PrefabAsset: {fileID: 0}
  m_GameObject: {fileID: 2055222700}
  m_Enabled: 1
  serializedVersion: 10
  m_Type: 1
  m_Shape: 0
  m_Color: {r: 0.7075472, g: 0.3979026, b: 0.15018693, a: 1}
  m_Intensity: 0.33
  m_Range: 10
  m_SpotAngle: 30
  m_InnerSpotAngle: 21.80208
  m_CookieSize: 10
  m_Shadows:
    m_Type: 0
    m_Resolution: 3
    m_CustomResolution: -1
    m_Strength: 1
    m_Bias: 0.05
    m_NormalBias: 0.4
    m_NearPlane: 0.2
    m_CullingMatrixOverride:
      e00: 1
      e01: 0
      e02: 0
      e03: 0
      e10: 0
      e11: 1
      e12: 0
      e13: 0
      e20: 0
      e21: 0
      e22: 1
      e23: 0
      e30: 0
      e31: 0
      e32: 0
      e33: 1
    m_UseCullingMatrixOverride: 0
  m_Cookie: {fileID: 0}
  m_DrawHalo: 0
  m_Flare: {fileID: 0}
  m_RenderMode: 1
  m_CullingMask:
    serializedVersion: 2
    m_Bits: 8
  m_RenderingLayerMask: 1
  m_Lightmapping: 4
  m_LightShadowCasterMode: 0
  m_AreaSize: {x: 1, y: 1}
  m_BounceIntensity: 1
  m_ColorTemperature: 6570
  m_UseColorTemperature: 0
  m_BoundingSphereOverride: {x: 0, y: 3.4e-44, z: 0, w: 3.4e-44}
  m_UseBoundingSphereOverride: 0
  m_UseViewFrustumForShadowCasterCull: 1
  m_ShadowRadius: 0
  m_ShadowAngle: 0
--- !u!1 &2059213405
GameObject:
  m_ObjectHideFlags: 0
  m_CorrespondingSourceObject: {fileID: 0}
  m_PrefabInstance: {fileID: 0}
  m_PrefabAsset: {fileID: 0}
  serializedVersion: 6
  m_Component:
  - component: {fileID: 2059213406}
  - component: {fileID: 2059213408}
  - component: {fileID: 2059213407}
  m_Layer: 0
  m_Name: foresBGSideTree (1)
  m_TagString: Untagged
  m_Icon: {fileID: 0}
  m_NavMeshLayer: 0
  m_StaticEditorFlags: 0
  m_IsActive: 1
--- !u!4 &2059213406
Transform:
  m_ObjectHideFlags: 0
  m_CorrespondingSourceObject: {fileID: 0}
  m_PrefabInstance: {fileID: 0}
  m_PrefabAsset: {fileID: 0}
  m_GameObject: {fileID: 2059213405}
  m_LocalRotation: {x: 0, y: -0, z: -0, w: 1}
  m_LocalPosition: {x: 2.62, y: 3.26, z: -2.85}
  m_LocalScale: {x: 0.06772599, y: 0.06772599, z: 0.0058727916}
  m_ConstrainProportionsScale: 0
  m_Children: []
  m_Father: {fileID: 5512813531658963391}
  m_RootOrder: 13
  m_LocalEulerAnglesHint: {x: 0, y: 0, z: 0}
--- !u!33 &2059213408
MeshFilter:
  m_ObjectHideFlags: 0
  m_CorrespondingSourceObject: {fileID: 0}
  m_PrefabInstance: {fileID: 0}
  m_PrefabAsset: {fileID: 0}
  m_GameObject: {fileID: 2059213405}
  m_Mesh: {fileID: 3140437146644478438, guid: 372821b5c078a3b47b56cc854928fef2, type: 3}
--- !u!23 &2059213407
MeshRenderer:
  m_ObjectHideFlags: 0
  m_CorrespondingSourceObject: {fileID: 0}
  m_PrefabInstance: {fileID: 0}
  m_PrefabAsset: {fileID: 0}
  m_GameObject: {fileID: 2059213405}
  m_Enabled: 1
  m_CastShadows: 1
  m_ReceiveShadows: 1
  m_DynamicOccludee: 1
  m_StaticShadowCaster: 0
  m_MotionVectors: 1
  m_LightProbeUsage: 1
  m_ReflectionProbeUsage: 1
  m_RayTracingMode: 2
  m_RayTraceProcedural: 0
  m_RenderingLayerMask: 1
  m_RendererPriority: 0
  m_Materials:
  - {fileID: 2100000, guid: 886038f9a85fd2a4ea249e1641e16aef, type: 2}
  m_StaticBatchInfo:
    firstSubMesh: 0
    subMeshCount: 0
  m_StaticBatchRoot: {fileID: 0}
  m_ProbeAnchor: {fileID: 0}
  m_LightProbeVolumeOverride: {fileID: 0}
  m_ScaleInLightmap: 1
  m_ReceiveGI: 1
  m_PreserveUVs: 0
  m_IgnoreNormalsForChartDetection: 0
  m_ImportantGI: 0
  m_StitchLightmapSeams: 1
  m_SelectedEditorRenderState: 3
  m_MinimumChartSize: 4
  m_AutoUVMaxDistance: 0.5
  m_AutoUVMaxAngle: 89
  m_LightmapParameters: {fileID: 0}
  m_SortingLayerID: 0
  m_SortingLayer: 0
  m_SortingOrder: 0
  m_AdditionalVertexStreams: {fileID: 0}
--- !u!1 &2089455038
GameObject:
  m_ObjectHideFlags: 0
  m_CorrespondingSourceObject: {fileID: 0}
  m_PrefabInstance: {fileID: 0}
  m_PrefabAsset: {fileID: 0}
  serializedVersion: 6
  m_Component:
  - component: {fileID: 2089455039}
  m_Layer: 0
  m_Name: GameObject
  m_TagString: Untagged
  m_Icon: {fileID: 0}
  m_NavMeshLayer: 0
  m_StaticEditorFlags: 0
  m_IsActive: 1
--- !u!4 &2089455039
Transform:
  m_ObjectHideFlags: 0
  m_CorrespondingSourceObject: {fileID: 0}
  m_PrefabInstance: {fileID: 0}
  m_PrefabAsset: {fileID: 0}
  m_GameObject: {fileID: 2089455038}
  m_LocalRotation: {x: -0, y: 0, z: -0, w: 1}
  m_LocalPosition: {x: 30.06, y: 7.2479267, z: -15.291019}
  m_LocalScale: {x: 1, y: 1, z: 1}
  m_ConstrainProportionsScale: 0
  m_Children:
  - {fileID: 1757095053}
  - {fileID: 1003865647}
  - {fileID: 604299442}
  - {fileID: 1902966147}
  - {fileID: 831225256}
  m_Father: {fileID: 5512813531658963391}
  m_RootOrder: 16
  m_LocalEulerAnglesHint: {x: 0, y: 0, z: 0}
--- !u!1001 &1230338932761955253
PrefabInstance:
  m_ObjectHideFlags: 0
  serializedVersion: 2
  m_Modification:
    m_TransformParent: {fileID: 5512813531658963391}
    m_Modifications:
    - target: {fileID: 1587701623655094, guid: c10810fe0f350db429cab97039f55f2f, type: 3}
      propertyPath: m_Name
      value: PFX_Forest_ShaftMotes
      objectReference: {fileID: 0}
    - target: {fileID: 4071758342261182, guid: c10810fe0f350db429cab97039f55f2f, type: 3}
      propertyPath: m_RootOrder
      value: 33
      objectReference: {fileID: 0}
    - target: {fileID: 4071758342261182, guid: c10810fe0f350db429cab97039f55f2f, type: 3}
      propertyPath: m_LocalPosition.x
      value: 0.5
      objectReference: {fileID: 0}
    - target: {fileID: 4071758342261182, guid: c10810fe0f350db429cab97039f55f2f, type: 3}
      propertyPath: m_LocalPosition.y
      value: 6.09
      objectReference: {fileID: 0}
    - target: {fileID: 4071758342261182, guid: c10810fe0f350db429cab97039f55f2f, type: 3}
      propertyPath: m_LocalPosition.z
      value: 7.21
      objectReference: {fileID: 0}
    - target: {fileID: 4071758342261182, guid: c10810fe0f350db429cab97039f55f2f, type: 3}
      propertyPath: m_LocalRotation.w
      value: 0.98511684
      objectReference: {fileID: 0}
    - target: {fileID: 4071758342261182, guid: c10810fe0f350db429cab97039f55f2f, type: 3}
      propertyPath: m_LocalRotation.x
      value: -0.16869216
      objectReference: {fileID: 0}
    - target: {fileID: 4071758342261182, guid: c10810fe0f350db429cab97039f55f2f, type: 3}
      propertyPath: m_LocalRotation.y
      value: -0.0055668675
      objectReference: {fileID: 0}
    - target: {fileID: 4071758342261182, guid: c10810fe0f350db429cab97039f55f2f, type: 3}
      propertyPath: m_LocalRotation.z
      value: -0.03250901
      objectReference: {fileID: 0}
    - target: {fileID: 4071758342261182, guid: c10810fe0f350db429cab97039f55f2f, type: 3}
      propertyPath: m_LocalEulerAnglesHint.x
      value: -19.434
      objectReference: {fileID: 0}
    - target: {fileID: 4071758342261182, guid: c10810fe0f350db429cab97039f55f2f, type: 3}
      propertyPath: m_LocalEulerAnglesHint.y
      value: 0
      objectReference: {fileID: 0}
    - target: {fileID: 4071758342261182, guid: c10810fe0f350db429cab97039f55f2f, type: 3}
      propertyPath: m_LocalEulerAnglesHint.z
      value: -3.78
      objectReference: {fileID: 0}
    - target: {fileID: 198408517786112896, guid: c10810fe0f350db429cab97039f55f2f, type: 3}
      propertyPath: moveWithTransform
      value: 1
      objectReference: {fileID: 0}
    - target: {fileID: 198408517786112896, guid: c10810fe0f350db429cab97039f55f2f, type: 3}
      propertyPath: ShapeModule.m_Scale.x
      value: -23.3
      objectReference: {fileID: 0}
    - target: {fileID: 198408517786112896, guid: c10810fe0f350db429cab97039f55f2f, type: 3}
      propertyPath: ShapeModule.m_Scale.y
      value: 19.8
      objectReference: {fileID: 0}
    - target: {fileID: 198408517786112896, guid: c10810fe0f350db429cab97039f55f2f, type: 3}
      propertyPath: ShapeModule.m_Scale.z
      value: 8.2
      objectReference: {fileID: 0}
    - target: {fileID: 198408517786112896, guid: c10810fe0f350db429cab97039f55f2f, type: 3}
      propertyPath: EmissionModule.m_Bursts.Array.data[0].countCurve.scalar
      value: 5
      objectReference: {fileID: 0}
    - target: {fileID: 199572287377011370, guid: c10810fe0f350db429cab97039f55f2f, type: 3}
      propertyPath: m_Materials.Array.size
      value: 1
      objectReference: {fileID: 0}
    m_RemovedComponents: []
  m_SourcePrefab: {fileID: 100100000, guid: c10810fe0f350db429cab97039f55f2f, type: 3}
--- !u!1001 &4765514402694065019
PrefabInstance:
  m_ObjectHideFlags: 0
  serializedVersion: 2
  m_Modification:
    m_TransformParent: {fileID: 5512813531658963391}
    m_Modifications:
    - target: {fileID: 1587701623655094, guid: ba93480c02d40734ba7d0445b51b3ec4, type: 3}
      propertyPath: m_Name
      value: PFX_Forest_Fireflies
      objectReference: {fileID: 0}
    - target: {fileID: 4071758342261182, guid: ba93480c02d40734ba7d0445b51b3ec4, type: 3}
      propertyPath: m_RootOrder
      value: 32
      objectReference: {fileID: 0}
    - target: {fileID: 4071758342261182, guid: ba93480c02d40734ba7d0445b51b3ec4, type: 3}
      propertyPath: m_LocalPosition.x
      value: 1.32
      objectReference: {fileID: 0}
    - target: {fileID: 4071758342261182, guid: ba93480c02d40734ba7d0445b51b3ec4, type: 3}
      propertyPath: m_LocalPosition.y
      value: 4.38
      objectReference: {fileID: 0}
    - target: {fileID: 4071758342261182, guid: ba93480c02d40734ba7d0445b51b3ec4, type: 3}
      propertyPath: m_LocalPosition.z
      value: 7.22
      objectReference: {fileID: 0}
    - target: {fileID: 4071758342261182, guid: ba93480c02d40734ba7d0445b51b3ec4, type: 3}
      propertyPath: m_LocalRotation.w
      value: 0.99706656
      objectReference: {fileID: 0}
    - target: {fileID: 4071758342261182, guid: ba93480c02d40734ba7d0445b51b3ec4, type: 3}
      propertyPath: m_LocalRotation.x
      value: -0.07614752
      objectReference: {fileID: 0}
    - target: {fileID: 4071758342261182, guid: ba93480c02d40734ba7d0445b51b3ec4, type: 3}
      propertyPath: m_LocalRotation.y
      value: -0.005677083
      objectReference: {fileID: 0}
    - target: {fileID: 4071758342261182, guid: ba93480c02d40734ba7d0445b51b3ec4, type: 3}
      propertyPath: m_LocalRotation.z
      value: 0.005249424
      objectReference: {fileID: 0}
    - target: {fileID: 4071758342261182, guid: ba93480c02d40734ba7d0445b51b3ec4, type: 3}
      propertyPath: m_LocalEulerAnglesHint.x
      value: -8.731
      objectReference: {fileID: 0}
    - target: {fileID: 4071758342261182, guid: ba93480c02d40734ba7d0445b51b3ec4, type: 3}
      propertyPath: m_LocalEulerAnglesHint.y
      value: -0.703
      objectReference: {fileID: 0}
    - target: {fileID: 4071758342261182, guid: ba93480c02d40734ba7d0445b51b3ec4, type: 3}
      propertyPath: m_LocalEulerAnglesHint.z
      value: 0.657
      objectReference: {fileID: 0}
    - target: {fileID: 198408517786112896, guid: ba93480c02d40734ba7d0445b51b3ec4, type: 3}
      propertyPath: moveWithTransform
      value: 1
      objectReference: {fileID: 0}
    - target: {fileID: 198408517786112896, guid: ba93480c02d40734ba7d0445b51b3ec4, type: 3}
      propertyPath: ShapeModule.m_Scale.x
      value: 29.09
      objectReference: {fileID: 0}
    - target: {fileID: 198408517786112896, guid: ba93480c02d40734ba7d0445b51b3ec4, type: 3}
      propertyPath: ShapeModule.m_Scale.y
      value: 20.2
      objectReference: {fileID: 0}
    - target: {fileID: 198408517786112896, guid: ba93480c02d40734ba7d0445b51b3ec4, type: 3}
      propertyPath: ShapeModule.m_Scale.z
      value: 8.3
      objectReference: {fileID: 0}
    - target: {fileID: 198408517786112896, guid: ba93480c02d40734ba7d0445b51b3ec4, type: 3}
      propertyPath: TrailModule.minVertexDistance
      value: 0.12
      objectReference: {fileID: 0}
    - target: {fileID: 198408517786112896, guid: ba93480c02d40734ba7d0445b51b3ec4, type: 3}
      propertyPath: TrailModule.widthOverTrail.maxCurve.m_Curve.Array.data[0].value
      value: 0.42037964
      objectReference: {fileID: 0}
    m_RemovedComponents: []
  m_SourcePrefab: {fileID: 100100000, guid: ba93480c02d40734ba7d0445b51b3ec4, type: 3}
--- !u!1001 &5407639870019645012
PrefabInstance:
  m_ObjectHideFlags: 0
  serializedVersion: 2
  m_Modification:
    m_TransformParent: {fileID: 0}
    m_Modifications:
    - target: {fileID: -9124603244813826452, guid: 372821b5c078a3b47b56cc854928fef2, type: 3}
      propertyPath: m_IsActive
      value: 0
      objectReference: {fileID: 0}
    - target: {fileID: -9005510391571015245, guid: 372821b5c078a3b47b56cc854928fef2, type: 3}
      propertyPath: m_LocalScale.x
      value: 7.540596
      objectReference: {fileID: 0}
    - target: {fileID: -9005510391571015245, guid: 372821b5c078a3b47b56cc854928fef2, type: 3}
      propertyPath: m_LocalScale.y
      value: 1.908
      objectReference: {fileID: 0}
    - target: {fileID: -9005510391571015245, guid: 372821b5c078a3b47b56cc854928fef2, type: 3}
      propertyPath: m_LocalScale.z
      value: 2.0596
      objectReference: {fileID: 0}
    - target: {fileID: -9005510391571015245, guid: 372821b5c078a3b47b56cc854928fef2, type: 3}
      propertyPath: m_LocalPosition.x
      value: 2.8
      objectReference: {fileID: 0}
    - target: {fileID: -9005510391571015245, guid: 372821b5c078a3b47b56cc854928fef2, type: 3}
      propertyPath: m_LocalPosition.y
      value: 10.7
      objectReference: {fileID: 0}
    - target: {fileID: -9005510391571015245, guid: 372821b5c078a3b47b56cc854928fef2, type: 3}
      propertyPath: m_LocalPosition.z
      value: 46.7
      objectReference: {fileID: 0}
    - target: {fileID: -9005510391571015245, guid: 372821b5c078a3b47b56cc854928fef2, type: 3}
      propertyPath: m_LocalRotation.w
      value: 1
      objectReference: {fileID: 0}
    - target: {fileID: -9005510391571015245, guid: 372821b5c078a3b47b56cc854928fef2, type: 3}
      propertyPath: m_LocalRotation.x
      value: 0
      objectReference: {fileID: 0}
    - target: {fileID: -9005510391571015245, guid: 372821b5c078a3b47b56cc854928fef2, type: 3}
      propertyPath: m_LocalRotation.y
      value: 0
      objectReference: {fileID: 0}
    - target: {fileID: -9005510391571015245, guid: 372821b5c078a3b47b56cc854928fef2, type: 3}
      propertyPath: m_LocalRotation.z
      value: 0
      objectReference: {fileID: 0}
    - target: {fileID: -9005510391571015245, guid: 372821b5c078a3b47b56cc854928fef2, type: 3}
      propertyPath: m_LocalEulerAnglesHint.y
      value: 0
      objectReference: {fileID: 0}
    - target: {fileID: -8962970358781334716, guid: 372821b5c078a3b47b56cc854928fef2, type: 3}
      propertyPath: m_LocalScale.y
      value: 0.62438
      objectReference: {fileID: 0}
    - target: {fileID: -8962970358781334716, guid: 372821b5c078a3b47b56cc854928fef2, type: 3}
      propertyPath: m_LocalScale.z
      value: 1.4358
      objectReference: {fileID: 0}
    - target: {fileID: -8962970358781334716, guid: 372821b5c078a3b47b56cc854928fef2, type: 3}
      propertyPath: m_LocalPosition.y
      value: 6.81
      objectReference: {fileID: 0}
    - target: {fileID: -8962970358781334716, guid: 372821b5c078a3b47b56cc854928fef2, type: 3}
      propertyPath: m_LocalPosition.z
      value: -0.96
      objectReference: {fileID: 0}
    - target: {fileID: -8962970358781334716, guid: 372821b5c078a3b47b56cc854928fef2, type: 3}
      propertyPath: m_LocalRotation.w
      value: 0
      objectReference: {fileID: 0}
    - target: {fileID: -8962970358781334716, guid: 372821b5c078a3b47b56cc854928fef2, type: 3}
      propertyPath: m_LocalRotation.x
      value: -0
      objectReference: {fileID: 0}
    - target: {fileID: -8962970358781334716, guid: 372821b5c078a3b47b56cc854928fef2, type: 3}
      propertyPath: m_LocalRotation.y
      value: 0.33758658
      objectReference: {fileID: 0}
    - target: {fileID: -8962970358781334716, guid: 372821b5c078a3b47b56cc854928fef2, type: 3}
      propertyPath: m_LocalRotation.z
      value: 0.9412945
      objectReference: {fileID: 0}
    - target: {fileID: -8962970358781334716, guid: 372821b5c078a3b47b56cc854928fef2, type: 3}
      propertyPath: m_LocalEulerAnglesHint.x
      value: -39.46
      objectReference: {fileID: 0}
    - target: {fileID: -8962970358781334716, guid: 372821b5c078a3b47b56cc854928fef2, type: 3}
      propertyPath: m_LocalEulerAnglesHint.z
      value: 180
      objectReference: {fileID: 0}
    - target: {fileID: -8951043039126412209, guid: 372821b5c078a3b47b56cc854928fef2, type: 3}
      propertyPath: m_LocalScale.x
      value: 0.07969995
      objectReference: {fileID: 0}
    - target: {fileID: -8951043039126412209, guid: 372821b5c078a3b47b56cc854928fef2, type: 3}
      propertyPath: m_LocalScale.y
      value: 0.09071336
      objectReference: {fileID: 0}
    - target: {fileID: -8951043039126412209, guid: 372821b5c078a3b47b56cc854928fef2, type: 3}
      propertyPath: m_LocalScale.z
      value: 0.07969995
      objectReference: {fileID: 0}
    - target: {fileID: -8951043039126412209, guid: 372821b5c078a3b47b56cc854928fef2, type: 3}
      propertyPath: m_LocalPosition.x
      value: -1.68
      objectReference: {fileID: 0}
    - target: {fileID: -8951043039126412209, guid: 372821b5c078a3b47b56cc854928fef2, type: 3}
      propertyPath: m_LocalPosition.y
      value: 1.49
      objectReference: {fileID: 0}
    - target: {fileID: -8951043039126412209, guid: 372821b5c078a3b47b56cc854928fef2, type: 3}
      propertyPath: m_LocalPosition.z
      value: -2.85
      objectReference: {fileID: 0}
    - target: {fileID: -8679921383154817045, guid: 372821b5c078a3b47b56cc854928fef2, type: 3}
      propertyPath: m_RootOrder
      value: 0
      objectReference: {fileID: 0}
    - target: {fileID: -8679921383154817045, guid: 372821b5c078a3b47b56cc854928fef2, type: 3}
      propertyPath: m_LocalPosition.x
      value: -0
      objectReference: {fileID: 0}
    - target: {fileID: -8679921383154817045, guid: 372821b5c078a3b47b56cc854928fef2, type: 3}
      propertyPath: m_LocalPosition.y
      value: -0.09
      objectReference: {fileID: 0}
    - target: {fileID: -8679921383154817045, guid: 372821b5c078a3b47b56cc854928fef2, type: 3}
      propertyPath: m_LocalPosition.z
      value: 0
      objectReference: {fileID: 0}
    - target: {fileID: -8679921383154817045, guid: 372821b5c078a3b47b56cc854928fef2, type: 3}
      propertyPath: m_LocalRotation.w
      value: 1
      objectReference: {fileID: 0}
    - target: {fileID: -8679921383154817045, guid: 372821b5c078a3b47b56cc854928fef2, type: 3}
      propertyPath: m_LocalRotation.x
      value: 0
      objectReference: {fileID: 0}
    - target: {fileID: -8679921383154817045, guid: 372821b5c078a3b47b56cc854928fef2, type: 3}
      propertyPath: m_LocalRotation.y
      value: -0
      objectReference: {fileID: 0}
    - target: {fileID: -8679921383154817045, guid: 372821b5c078a3b47b56cc854928fef2, type: 3}
      propertyPath: m_LocalRotation.z
      value: -0
      objectReference: {fileID: 0}
    - target: {fileID: -8679921383154817045, guid: 372821b5c078a3b47b56cc854928fef2, type: 3}
      propertyPath: m_LocalEulerAnglesHint.x
      value: 0
      objectReference: {fileID: 0}
    - target: {fileID: -8679921383154817045, guid: 372821b5c078a3b47b56cc854928fef2, type: 3}
      propertyPath: m_LocalEulerAnglesHint.y
      value: 0
      objectReference: {fileID: 0}
    - target: {fileID: -8679921383154817045, guid: 372821b5c078a3b47b56cc854928fef2, type: 3}
      propertyPath: m_LocalEulerAnglesHint.z
      value: 0
      objectReference: {fileID: 0}
    - target: {fileID: -7755982671296622504, guid: 372821b5c078a3b47b56cc854928fef2, type: 3}
      propertyPath: m_Materials.Array.data[0]
      value: 
      objectReference: {fileID: 2100000, guid: ecd6742072d223749a4f3048f5afc924, type: 2}
    - target: {fileID: -7251531670207975893, guid: 372821b5c078a3b47b56cc854928fef2, type: 3}
      propertyPath: m_Materials.Array.data[4]
      value: 
      objectReference: {fileID: 8420817887915406920, guid: 372821b5c078a3b47b56cc854928fef2, type: 3}
    - target: {fileID: -7251531670207975893, guid: 372821b5c078a3b47b56cc854928fef2, type: 3}
      propertyPath: m_Materials.Array.data[5]
      value: 
      objectReference: {fileID: 2100000, guid: f31b4588401612047b40012680674570, type: 2}
    - target: {fileID: -6704082183605989740, guid: 372821b5c078a3b47b56cc854928fef2, type: 3}
      propertyPath: m_LocalScale.x
      value: 0.42116958
      objectReference: {fileID: 0}
    - target: {fileID: -6704082183605989740, guid: 372821b5c078a3b47b56cc854928fef2, type: 3}
      propertyPath: m_LocalScale.y
      value: 0.42116958
      objectReference: {fileID: 0}
    - target: {fileID: -6704082183605989740, guid: 372821b5c078a3b47b56cc854928fef2, type: 3}
      propertyPath: m_LocalScale.z
      value: 1.1854036
      objectReference: {fileID: 0}
    - target: {fileID: -6704082183605989740, guid: 372821b5c078a3b47b56cc854928fef2, type: 3}
      propertyPath: m_LocalPosition.x
      value: -5.35
      objectReference: {fileID: 0}
    - target: {fileID: -6704082183605989740, guid: 372821b5c078a3b47b56cc854928fef2, type: 3}
      propertyPath: m_LocalPosition.y
      value: 1.41
      objectReference: {fileID: 0}
    - target: {fileID: -6704082183605989740, guid: 372821b5c078a3b47b56cc854928fef2, type: 3}
      propertyPath: m_LocalPosition.z
      value: 0.3
      objectReference: {fileID: 0}
    - target: {fileID: -6574510490309723172, guid: 372821b5c078a3b47b56cc854928fef2, type: 3}
      propertyPath: m_Materials.Array.data[0]
      value: 
      objectReference: {fileID: 2100000, guid: 09e70188327641143894a9386c2996b2, type: 2}
    - target: {fileID: -6353259023229135827, guid: 372821b5c078a3b47b56cc854928fef2, type: 3}
      propertyPath: m_Materials.Array.data[0]
      value: 
      objectReference: {fileID: 2100000, guid: 886038f9a85fd2a4ea249e1641e16aef, type: 2}
    - target: {fileID: -6239276038461792729, guid: 372821b5c078a3b47b56cc854928fef2, type: 3}
      propertyPath: m_LocalScale.x
      value: 2.100901
      objectReference: {fileID: 0}
    - target: {fileID: -6239276038461792729, guid: 372821b5c078a3b47b56cc854928fef2, type: 3}
      propertyPath: m_LocalPosition.x
      value: 2.2
      objectReference: {fileID: 0}
    - target: {fileID: -5097861825454184967, guid: 372821b5c078a3b47b56cc854928fef2, type: 3}
      propertyPath: m_Materials.Array.data[0]
      value: 
      objectReference: {fileID: 2100000, guid: 42ddc2db1e60f204ea1aa18bf39956d1, type: 2}
    - target: {fileID: -4881644483812527011, guid: 372821b5c078a3b47b56cc854928fef2, type: 3}
      propertyPath: m_LocalScale.x
      value: 0.48017853
      objectReference: {fileID: 0}
    - target: {fileID: -4881644483812527011, guid: 372821b5c078a3b47b56cc854928fef2, type: 3}
      propertyPath: m_LocalScale.y
      value: 0.48017853
      objectReference: {fileID: 0}
    - target: {fileID: -4881644483812527011, guid: 372821b5c078a3b47b56cc854928fef2, type: 3}
      propertyPath: m_LocalScale.z
      value: 0.48017853
      objectReference: {fileID: 0}
    - target: {fileID: -4881644483812527011, guid: 372821b5c078a3b47b56cc854928fef2, type: 3}
      propertyPath: m_LocalPosition.x
      value: -6.71
      objectReference: {fileID: 0}
    - target: {fileID: -4881644483812527011, guid: 372821b5c078a3b47b56cc854928fef2, type: 3}
      propertyPath: m_LocalPosition.y
      value: -0.29
      objectReference: {fileID: 0}
    - target: {fileID: -4881644483812527011, guid: 372821b5c078a3b47b56cc854928fef2, type: 3}
      propertyPath: m_LocalPosition.z
      value: 0.88
      objectReference: {fileID: 0}
    - target: {fileID: -4881644483812527011, guid: 372821b5c078a3b47b56cc854928fef2, type: 3}
      propertyPath: m_LocalRotation.w
      value: 0.90712327
      objectReference: {fileID: 0}
    - target: {fileID: -4881644483812527011, guid: 372821b5c078a3b47b56cc854928fef2, type: 3}
      propertyPath: m_LocalRotation.x
      value: -0.0023486295
      objectReference: {fileID: 0}
    - target: {fileID: -4881644483812527011, guid: 372821b5c078a3b47b56cc854928fef2, type: 3}
      propertyPath: m_LocalRotation.y
      value: -0.42082807
      objectReference: {fileID: 0}
    - target: {fileID: -4881644483812527011, guid: 372821b5c078a3b47b56cc854928fef2, type: 3}
      propertyPath: m_LocalRotation.z
      value: 0.005062628
      objectReference: {fileID: 0}
    - target: {fileID: -4881644483812527011, guid: 372821b5c078a3b47b56cc854928fef2, type: 3}
      propertyPath: m_LocalEulerAnglesHint.y
      value: -49.775
      objectReference: {fileID: 0}
    - target: {fileID: -4881644483812527011, guid: 372821b5c078a3b47b56cc854928fef2, type: 3}
      propertyPath: m_LocalEulerAnglesHint.z
      value: 0.64
      objectReference: {fileID: 0}
    - target: {fileID: -3382549846747964311, guid: 372821b5c078a3b47b56cc854928fef2, type: 3}
      propertyPath: m_Layer
      value: 3
      objectReference: {fileID: 0}
    - target: {fileID: -2690138565338952922, guid: 372821b5c078a3b47b56cc854928fef2, type: 3}
      propertyPath: m_Enabled
      value: 1
      objectReference: {fileID: 0}
    - target: {fileID: -2690138565338952922, guid: 372821b5c078a3b47b56cc854928fef2, type: 3}
      propertyPath: m_Materials.Array.data[0]
      value: 
      objectReference: {fileID: 2100000, guid: 42ddc2db1e60f204ea1aa18bf39956d1, type: 2}
    - target: {fileID: -1984760278678207163, guid: 372821b5c078a3b47b56cc854928fef2, type: 3}
      propertyPath: m_IsActive
      value: 0
      objectReference: {fileID: 0}
    - target: {fileID: -1755075717773747959, guid: 372821b5c078a3b47b56cc854928fef2, type: 3}
      propertyPath: m_RootOrder
      value: 21
      objectReference: {fileID: 0}
    - target: {fileID: -1755075717773747959, guid: 372821b5c078a3b47b56cc854928fef2, type: 3}
      propertyPath: m_LocalScale.x
      value: 1.1854955
      objectReference: {fileID: 0}
    - target: {fileID: -1755075717773747959, guid: 372821b5c078a3b47b56cc854928fef2, type: 3}
      propertyPath: m_LocalScale.y
      value: 0.9709895
      objectReference: {fileID: 0}
    - target: {fileID: -1755075717773747959, guid: 372821b5c078a3b47b56cc854928fef2, type: 3}
      propertyPath: m_LocalScale.z
      value: 1.1854955
      objectReference: {fileID: 0}
    - target: {fileID: -1755075717773747959, guid: 372821b5c078a3b47b56cc854928fef2, type: 3}
      propertyPath: m_LocalPosition.x
      value: 0
      objectReference: {fileID: 0}
    - target: {fileID: -1755075717773747959, guid: 372821b5c078a3b47b56cc854928fef2, type: 3}
      propertyPath: m_LocalPosition.y
      value: 0
      objectReference: {fileID: 0}
    - target: {fileID: -1755075717773747959, guid: 372821b5c078a3b47b56cc854928fef2, type: 3}
      propertyPath: m_LocalPosition.z
      value: 0.1
      objectReference: {fileID: 0}
    - target: {fileID: -1699953027080074182, guid: 372821b5c078a3b47b56cc854928fef2, type: 3}
      propertyPath: m_LocalScale.x
      value: 1.5286912
      objectReference: {fileID: 0}
    - target: {fileID: -1699953027080074182, guid: 372821b5c078a3b47b56cc854928fef2, type: 3}
      propertyPath: m_LocalPosition.x
      value: -66
      objectReference: {fileID: 0}
    - target: {fileID: -1128123638470475985, guid: 372821b5c078a3b47b56cc854928fef2, type: 3}
      propertyPath: m_Layer
      value: 3
      objectReference: {fileID: 0}
    - target: {fileID: -848722968213844822, guid: 372821b5c078a3b47b56cc854928fef2, type: 3}
      propertyPath: m_Materials.Array.data[0]
      value: 
      objectReference: {fileID: 2100000, guid: 42ddc2db1e60f204ea1aa18bf39956d1, type: 2}
    - target: {fileID: -131717840506970641, guid: 372821b5c078a3b47b56cc854928fef2, type: 3}
      propertyPath: m_LocalScale.x
      value: 0.48734
      objectReference: {fileID: 0}
    - target: {fileID: -131717840506970641, guid: 372821b5c078a3b47b56cc854928fef2, type: 3}
      propertyPath: m_LocalScale.y
      value: 0.5929953
      objectReference: {fileID: 0}
    - target: {fileID: -131717840506970641, guid: 372821b5c078a3b47b56cc854928fef2, type: 3}
      propertyPath: m_LocalScale.z
      value: 0.48734
      objectReference: {fileID: 0}
    - target: {fileID: -131717840506970641, guid: 372821b5c078a3b47b56cc854928fef2, type: 3}
      propertyPath: m_LocalPosition.y
      value: 4.48
      objectReference: {fileID: 0}
    - target: {fileID: -131717840506970641, guid: 372821b5c078a3b47b56cc854928fef2, type: 3}
      propertyPath: m_LocalPosition.z
      value: 1.38
      objectReference: {fileID: 0}
    - target: {fileID: -131717840506970641, guid: 372821b5c078a3b47b56cc854928fef2, type: 3}
      propertyPath: m_LocalRotation.w
      value: 0.9941886
      objectReference: {fileID: 0}
    - target: {fileID: -131717840506970641, guid: 372821b5c078a3b47b56cc854928fef2, type: 3}
      propertyPath: m_LocalRotation.x
      value: 0.10765237
      objectReference: {fileID: 0}
    - target: {fileID: -131717840506970641, guid: 372821b5c078a3b47b56cc854928fef2, type: 3}
      propertyPath: m_LocalRotation.y
      value: 0
      objectReference: {fileID: 0}
    - target: {fileID: -131717840506970641, guid: 372821b5c078a3b47b56cc854928fef2, type: 3}
      propertyPath: m_LocalRotation.z
      value: 0
      objectReference: {fileID: 0}
    - target: {fileID: -131717840506970641, guid: 372821b5c078a3b47b56cc854928fef2, type: 3}
      propertyPath: m_LocalEulerAnglesHint.x
      value: 12.36
      objectReference: {fileID: 0}
    - target: {fileID: -131717840506970641, guid: 372821b5c078a3b47b56cc854928fef2, type: 3}
      propertyPath: m_LocalEulerAnglesHint.y
      value: 0
      objectReference: {fileID: 0}
    - target: {fileID: 919132149155446097, guid: 372821b5c078a3b47b56cc854928fef2, type: 3}
      propertyPath: m_Name
      value: forestToken
      objectReference: {fileID: 0}
    - target: {fileID: 2491584544583679726, guid: 372821b5c078a3b47b56cc854928fef2, type: 3}
      propertyPath: m_CastShadows
      value: 0
      objectReference: {fileID: 0}
    - target: {fileID: 3748359892381204692, guid: 372821b5c078a3b47b56cc854928fef2, type: 3}
      propertyPath: m_RootOrder
      value: 10
      objectReference: {fileID: 0}
    - target: {fileID: 3939252687770898403, guid: 372821b5c078a3b47b56cc854928fef2, type: 3}
      propertyPath: m_LocalScale.x
      value: -1.1395073
      objectReference: {fileID: 0}
    - target: {fileID: 3939252687770898403, guid: 372821b5c078a3b47b56cc854928fef2, type: 3}
      propertyPath: m_LocalPosition.x
      value: 25.3
      objectReference: {fileID: 0}
    - target: {fileID: 4818277109174305531, guid: 372821b5c078a3b47b56cc854928fef2, type: 3}
      propertyPath: m_LocalScale.x
      value: 1.8176184
      objectReference: {fileID: 0}
    - target: {fileID: 4818277109174305531, guid: 372821b5c078a3b47b56cc854928fef2, type: 3}
      propertyPath: m_LocalPosition.x
      value: -84
      objectReference: {fileID: 0}
    - target: {fileID: 5004400193411580262, guid: 372821b5c078a3b47b56cc854928fef2, type: 3}
      propertyPath: m_Materials.Array.data[0]
      value: 
      objectReference: {fileID: 2100000, guid: ecd6742072d223749a4f3048f5afc924, type: 2}
    - target: {fileID: 6121809013473779885, guid: 372821b5c078a3b47b56cc854928fef2, type: 3}
      propertyPath: m_LocalScale.x
      value: 1.2621
      objectReference: {fileID: 0}
    - target: {fileID: 6121809013473779885, guid: 372821b5c078a3b47b56cc854928fef2, type: 3}
      propertyPath: m_LocalScale.y
      value: 0.62438
      objectReference: {fileID: 0}
    - target: {fileID: 6121809013473779885, guid: 372821b5c078a3b47b56cc854928fef2, type: 3}
      propertyPath: m_LocalScale.z
      value: 1.4358
      objectReference: {fileID: 0}
    - target: {fileID: 6121809013473779885, guid: 372821b5c078a3b47b56cc854928fef2, type: 3}
      propertyPath: m_LocalPosition.y
      value: 7.23
      objectReference: {fileID: 0}
    - target: {fileID: 6121809013473779885, guid: 372821b5c078a3b47b56cc854928fef2, type: 3}
      propertyPath: m_LocalPosition.z
      value: -0.52
      objectReference: {fileID: 0}
    - target: {fileID: 6121809013473779885, guid: 372821b5c078a3b47b56cc854928fef2, type: 3}
      propertyPath: m_LocalRotation.w
      value: 0
      objectReference: {fileID: 0}
    - target: {fileID: 6121809013473779885, guid: 372821b5c078a3b47b56cc854928fef2, type: 3}
      propertyPath: m_LocalRotation.x
      value: -0
      objectReference: {fileID: 0}
    - target: {fileID: 6121809013473779885, guid: 372821b5c078a3b47b56cc854928fef2, type: 3}
      propertyPath: m_LocalRotation.y
      value: 0.33758658
      objectReference: {fileID: 0}
    - target: {fileID: 6121809013473779885, guid: 372821b5c078a3b47b56cc854928fef2, type: 3}
      propertyPath: m_LocalRotation.z
      value: 0.9412945
      objectReference: {fileID: 0}
    - target: {fileID: 6121809013473779885, guid: 372821b5c078a3b47b56cc854928fef2, type: 3}
      propertyPath: m_LocalEulerAnglesHint.x
      value: -39.46
      objectReference: {fileID: 0}
    - target: {fileID: 6121809013473779885, guid: 372821b5c078a3b47b56cc854928fef2, type: 3}
      propertyPath: m_LocalEulerAnglesHint.z
      value: 180
      objectReference: {fileID: 0}
    - target: {fileID: 6382473868695839383, guid: 372821b5c078a3b47b56cc854928fef2, type: 3}
      propertyPath: m_LocalScale.x
      value: -1
      objectReference: {fileID: 0}
    - target: {fileID: 6382473868695839383, guid: 372821b5c078a3b47b56cc854928fef2, type: 3}
      propertyPath: m_LocalScale.y
      value: 0.5495356
      objectReference: {fileID: 0}
    - target: {fileID: 6382473868695839383, guid: 372821b5c078a3b47b56cc854928fef2, type: 3}
      propertyPath: m_LocalScale.z
      value: 1.4358
      objectReference: {fileID: 0}
    - target: {fileID: 6382473868695839383, guid: 372821b5c078a3b47b56cc854928fef2, type: 3}
      propertyPath: m_LocalPosition.x
      value: -0.64
      objectReference: {fileID: 0}
    - target: {fileID: 6382473868695839383, guid: 372821b5c078a3b47b56cc854928fef2, type: 3}
      propertyPath: m_LocalPosition.y
      value: 6.35
      objectReference: {fileID: 0}
    - target: {fileID: 6382473868695839383, guid: 372821b5c078a3b47b56cc854928fef2, type: 3}
      propertyPath: m_LocalPosition.z
      value: -1.01
      objectReference: {fileID: 0}
    - target: {fileID: 6382473868695839383, guid: 372821b5c078a3b47b56cc854928fef2, type: 3}
      propertyPath: m_LocalRotation.w
      value: 0
      objectReference: {fileID: 0}
    - target: {fileID: 6382473868695839383, guid: 372821b5c078a3b47b56cc854928fef2, type: 3}
      propertyPath: m_LocalRotation.x
      value: -0
      objectReference: {fileID: 0}
    - target: {fileID: 6382473868695839383, guid: 372821b5c078a3b47b56cc854928fef2, type: 3}
      propertyPath: m_LocalRotation.y
      value: 0.33758658
      objectReference: {fileID: 0}
    - target: {fileID: 6382473868695839383, guid: 372821b5c078a3b47b56cc854928fef2, type: 3}
      propertyPath: m_LocalRotation.z
      value: 0.9412945
      objectReference: {fileID: 0}
    - target: {fileID: 6382473868695839383, guid: 372821b5c078a3b47b56cc854928fef2, type: 3}
      propertyPath: m_LocalEulerAnglesHint.x
      value: -39.46
      objectReference: {fileID: 0}
    - target: {fileID: 6382473868695839383, guid: 372821b5c078a3b47b56cc854928fef2, type: 3}
      propertyPath: m_LocalEulerAnglesHint.z
      value: 180
      objectReference: {fileID: 0}
    - target: {fileID: 6812347801038258697, guid: 372821b5c078a3b47b56cc854928fef2, type: 3}
      propertyPath: m_Enabled
      value: 1
      objectReference: {fileID: 0}
    - target: {fileID: 8088621296335894795, guid: 372821b5c078a3b47b56cc854928fef2, type: 3}
      propertyPath: m_CastShadows
      value: 0
      objectReference: {fileID: 0}
    - target: {fileID: 8088621296335894795, guid: 372821b5c078a3b47b56cc854928fef2, type: 3}
      propertyPath: m_ReceiveShadows
      value: 1
      objectReference: {fileID: 0}
    - target: {fileID: 8088621296335894795, guid: 372821b5c078a3b47b56cc854928fef2, type: 3}
      propertyPath: m_Materials.Array.data[0]
      value: 
      objectReference: {fileID: 2100000, guid: 396776ee2575d04478ef6c0d6d32b4c6, type: 2}
    - target: {fileID: 9087774032758937022, guid: 372821b5c078a3b47b56cc854928fef2, type: 3}
      propertyPath: m_Materials.Array.data[0]
      value: 
      objectReference: {fileID: 2100000, guid: 42ddc2db1e60f204ea1aa18bf39956d1, type: 2}
    m_RemovedComponents: []
  m_SourcePrefab: {fileID: 100100000, guid: 372821b5c078a3b47b56cc854928fef2, type: 3}
--- !u!4 &5512813531658963391 stripped
Transform:
  m_CorrespondingSourceObject: {fileID: -8679921383154817045, guid: 372821b5c078a3b47b56cc854928fef2, type: 3}
  m_PrefabInstance: {fileID: 5407639870019645012}
  m_PrefabAsset: {fileID: 0}
