%YAML 1.1
%TAG !u! tag:unity3d.com,2011:
--- !u!1 &356616764
GameObject:
  m_ObjectHideFlags: 0
  m_CorrespondingSourceObject: {fileID: 0}
  m_PrefabInstance: {fileID: 0}
  m_PrefabAsset: {fileID: 0}
  serializedVersion: 6
  m_Component:
  - component: {fileID: 356616768}
  - component: {fileID: 356616767}
  - component: {fileID: 356616766}
  - component: {fileID: 356616765}
  m_Layer: 0
  m_Name: Quad
  m_TagString: Untagged
  m_Icon: {fileID: 0}
  m_NavMeshLayer: 0
  m_StaticEditorFlags: 126
  m_IsActive: 1
--- !u!4 &356616768
Transform:
  m_ObjectHideFlags: 0
  m_CorrespondingSourceObject: {fileID: 0}
  m_PrefabInstance: {fileID: 0}
  m_PrefabAsset: {fileID: 0}
  m_GameObject: {fileID: 356616764}
  m_LocalRotation: {x: 0, y: 0, z: 0, w: 1}
  m_LocalPosition: {x: 4.08, y: 3.9, z: 17.3}
  m_LocalScale: {x: 9.767531, y: 9.76753, z: 9.767531}
  m_ConstrainProportionsScale: 0
  m_Children: []
  m_Father: {fileID: 4813713923520629904}
  m_RootOrder: 0
  m_LocalEulerAnglesHint: {x: 0, y: 0, z: 0}
--- !u!33 &356616767
MeshFilter:
  m_ObjectHideFlags: 0
  m_CorrespondingSourceObject: {fileID: 0}
  m_PrefabInstance: {fileID: 0}
  m_PrefabAsset: {fileID: 0}
  m_GameObject: {fileID: 356616764}
  m_Mesh: {fileID: 10210, guid: 0000000000000000e000000000000000, type: 0}
--- !u!23 &356616766
MeshRenderer:
  m_ObjectHideFlags: 0
  m_CorrespondingSourceObject: {fileID: 0}
  m_PrefabInstance: {fileID: 0}
  m_PrefabAsset: {fileID: 0}
  m_GameObject: {fileID: 356616764}
  m_Enabled: 1
  m_CastShadows: 0
  m_ReceiveShadows: 0
  m_DynamicOccludee: 1
  m_StaticShadowCaster: 0
  m_MotionVectors: 1
  m_LightProbeUsage: 1
  m_ReflectionProbeUsage: 1
  m_RayTracingMode: 2
  m_RayTraceProcedural: 0
  m_RenderingLayerMask: 1
  m_RendererPriority: 0
  m_Materials:
  - {fileID: 2100000, guid: d9be9ed8dbb670448acd2b357cfa6b94, type: 2}
  m_StaticBatchInfo:
    firstSubMesh: 0
    subMeshCount: 0
  m_StaticBatchRoot: {fileID: 0}
  m_ProbeAnchor: {fileID: 0}
  m_LightProbeVolumeOverride: {fileID: 0}
  m_ScaleInLightmap: 1
  m_ReceiveGI: 1
  m_PreserveUVs: 0
  m_IgnoreNormalsForChartDetection: 0
  m_ImportantGI: 0
  m_StitchLightmapSeams: 1
  m_SelectedEditorRenderState: 3
  m_MinimumChartSize: 4
  m_AutoUVMaxDistance: 0.5
  m_AutoUVMaxAngle: 89
  m_LightmapParameters: {fileID: 0}
  m_SortingLayerID: 0
  m_SortingLayer: 0
  m_SortingOrder: 0
  m_AdditionalVertexStreams: {fileID: 0}
--- !u!64 &356616765
MeshCollider:
  m_ObjectHideFlags: 0
  m_CorrespondingSourceObject: {fileID: 0}
  m_PrefabInstance: {fileID: 0}
  m_PrefabAsset: {fileID: 0}
  m_GameObject: {fileID: 356616764}
  m_Material: {fileID: 0}
  m_IsTrigger: 0
  m_Enabled: 1
  serializedVersion: 4
  m_Convex: 0
  m_CookingOptions: 30
  m_Mesh: {fileID: 10210, guid: 0000000000000000e000000000000000, type: 0}
--- !u!1 &1387408485
GameObject:
  m_ObjectHideFlags: 0
  m_CorrespondingSourceObject: {fileID: 0}
  m_PrefabInstance: {fileID: 0}
  m_PrefabAsset: {fileID: 0}
  serializedVersion: 6
  m_Component:
  - component: {fileID: 1387408487}
  - component: {fileID: 1387408486}
  m_Layer: 0
  m_Name: PlanarCapture
  m_TagString: Untagged
  m_Icon: {fileID: 0}
  m_NavMeshLayer: 0
  m_StaticEditorFlags: 0
  m_IsActive: 1
--- !u!4 &1387408487
Transform:
  m_ObjectHideFlags: 0
  m_CorrespondingSourceObject: {fileID: 0}
  m_PrefabInstance: {fileID: 0}
  m_PrefabAsset: {fileID: 0}
  m_GameObject: {fileID: 1387408485}
  m_LocalRotation: {x: -0, y: -0.7071068, z: -0.7071068, w: 0}
  m_LocalPosition: {x: 0, y: -0.025, z: 0}
  m_LocalScale: {x: 0.09999998, y: 0.10000001, z: 0.10000001}
  m_ConstrainProportionsScale: 0
  m_Children: []
  m_Father: {fileID: 1133235728822601298}
  m_RootOrder: 11
  m_LocalEulerAnglesHint: {x: -90, y: 0, z: 0}
--- !u!114 &1387408486
MonoBehaviour:
  m_ObjectHideFlags: 0
  m_CorrespondingSourceObject: {fileID: 0}
  m_PrefabInstance: {fileID: 0}
  m_PrefabAsset: {fileID: 0}
  m_GameObject: {fileID: 1387408485}
  m_Enabled: 1
  m_EditorHideFlags: 0
  m_Script: {fileID: 11500000, guid: 01391f82fba8af9fd94a856cb1583d78, type: 3}
  m_Name: 
  m_EditorClassIdentifier: 
  targetTextureID: 1
  useCustomNormal: 0
  customNormal: {x: 0, y: 0, z: 0}
  reflectionsQuality: 1
  farClipPlane: 40.4
  renderBackground: 1
  renderInEditor: 0
--- !u!1 &1925063016
GameObject:
  m_ObjectHideFlags: 0
  m_CorrespondingSourceObject: {fileID: 0}
  m_PrefabInstance: {fileID: 0}
  m_PrefabAsset: {fileID: 0}
  serializedVersion: 6
  m_Component:
  - component: {fileID: 1925063018}
  - component: {fileID: 1925063017}
  m_Layer: 0
  m_Name: Light Probe Group
  m_TagString: Untagged
  m_Icon: {fileID: 0}
  m_NavMeshLayer: 0
  m_StaticEditorFlags: 0
  m_IsActive: 1
--- !u!4 &1925063018
Transform:
  m_ObjectHideFlags: 0
  m_CorrespondingSourceObject: {fileID: 0}
  m_PrefabInstance: {fileID: 0}
  m_PrefabAsset: {fileID: 0}
  m_GameObject: {fileID: 1925063016}
  m_LocalRotation: {x: -0, y: -1, z: -0, w: 0}
  m_LocalPosition: {x: -0.09, y: 1.15, z: 0.06}
  m_LocalScale: {x: 1, y: 1, z: 1}
  m_ConstrainProportionsScale: 0
  m_Children: []
  m_Father: {fileID: 1133235728822601298}
  m_RootOrder: 12
  m_LocalEulerAnglesHint: {x: 0, y: 0, z: 0}
--- !u!220 &1925063017
LightProbeGroup:
  m_ObjectHideFlags: 0
  m_CorrespondingSourceObject: {fileID: 0}
  m_PrefabInstance: {fileID: 0}
  m_PrefabAsset: {fileID: 0}
  m_GameObject: {fileID: 1925063016}
  m_Enabled: 1
  m_SourcePositions:
  - {x: 1, y: 1, z: 1}
  - {x: 1, y: 1, z: -1}
  - {x: 1, y: -1, z: 1}
  - {x: 1, y: -1, z: -1}
  - {x: -1, y: 1, z: 1}
  - {x: -1, y: 1, z: -1}
  - {x: -1, y: -1, z: 1}
  - {x: -1, y: -1, z: -1}
  m_Dering: 1
--- !u!1 &193742952716340692
GameObject:
  m_ObjectHideFlags: 0
  m_CorrespondingSourceObject: {fileID: 0}
  m_PrefabInstance: {fileID: 0}
  m_PrefabAsset: {fileID: 0}
  serializedVersion: 6
  m_Component:
  - component: {fileID: 5772087356351379856}
  - component: {fileID: 7451509648397774751}
  - component: {fileID: 2715060376501333083}
  m_Layer: 0
  m_Name: polar_borealis (3)
  m_TagString: Untagged
  m_Icon: {fileID: 0}
  m_NavMeshLayer: 0
  m_StaticEditorFlags: 0
  m_IsActive: 1
--- !u!4 &5772087356351379856
Transform:
  m_ObjectHideFlags: 0
  m_CorrespondingSourceObject: {fileID: 0}
  m_PrefabInstance: {fileID: 0}
  m_PrefabAsset: {fileID: 0}
  m_GameObject: {fileID: 193742952716340692}
  m_LocalRotation: {x: -0.0018573678, y: -0.96952593, z: 0.026565561, w: -0.24353714}
  m_LocalPosition: {x: 8.08, y: 2.2, z: 5.44}
  m_LocalScale: {x: 1.6997, y: 1, z: 1}
  m_ConstrainProportionsScale: 0
  m_Children: []
  m_Father: {fileID: 1133235728822601298}
  m_RootOrder: 10
  m_LocalEulerAnglesHint: {x: 3.005, y: -208.215, z: -0.536}
--- !u!33 &7451509648397774751
MeshFilter:
  m_ObjectHideFlags: 0
  m_CorrespondingSourceObject: {fileID: 0}
  m_PrefabInstance: {fileID: 0}
  m_PrefabAsset: {fileID: 0}
  m_GameObject: {fileID: 193742952716340692}
  m_Mesh: {fileID: -1042992458660234263, guid: 59756a83ba8ef054ebe42d3d2ea358ac, type: 3}
--- !u!23 &2715060376501333083
MeshRenderer:
  m_ObjectHideFlags: 0
  m_CorrespondingSourceObject: {fileID: 0}
  m_PrefabInstance: {fileID: 0}
  m_PrefabAsset: {fileID: 0}
  m_GameObject: {fileID: 193742952716340692}
  m_Enabled: 1
  m_CastShadows: 0
  m_ReceiveShadows: 0
  m_DynamicOccludee: 1
  m_StaticShadowCaster: 0
  m_MotionVectors: 1
  m_LightProbeUsage: 1
  m_ReflectionProbeUsage: 1
  m_RayTracingMode: 2
  m_RayTraceProcedural: 0
  m_RenderingLayerMask: 1
  m_RendererPriority: 0
  m_Materials:
  - {fileID: 2100000, guid: e3b7ce624e28a1c4288a4d761a058554, type: 2}
  m_StaticBatchInfo:
    firstSubMesh: 0
    subMeshCount: 0
  m_StaticBatchRoot: {fileID: 0}
  m_ProbeAnchor: {fileID: 0}
  m_LightProbeVolumeOverride: {fileID: 0}
  m_ScaleInLightmap: 1
  m_ReceiveGI: 1
  m_PreserveUVs: 0
  m_IgnoreNormalsForChartDetection: 0
  m_ImportantGI: 0
  m_StitchLightmapSeams: 1
  m_SelectedEditorRenderState: 3
  m_MinimumChartSize: 4
  m_AutoUVMaxDistance: 0.5
  m_AutoUVMaxAngle: 89
  m_LightmapParameters: {fileID: 0}
  m_SortingLayerID: 0
  m_SortingLayer: 0
  m_SortingOrder: 0
  m_AdditionalVertexStreams: {fileID: 0}
--- !u!1 &2530833685347092483
GameObject:
  m_ObjectHideFlags: 0
  m_CorrespondingSourceObject: {fileID: 0}
  m_PrefabInstance: {fileID: 0}
  m_PrefabAsset: {fileID: 0}
  serializedVersion: 6
  m_Component:
  - component: {fileID: 4330869177869258470}
  - component: {fileID: 1931354351564995334}
  - component: {fileID: 2499439378676368018}
  m_Layer: 0
  m_Name: polar_borealis (4)
  m_TagString: Untagged
  m_Icon: {fileID: 0}
  m_NavMeshLayer: 0
  m_StaticEditorFlags: 0
  m_IsActive: 1
--- !u!4 &4330869177869258470
Transform:
  m_ObjectHideFlags: 0
  m_CorrespondingSourceObject: {fileID: 0}
  m_PrefabInstance: {fileID: 0}
  m_PrefabAsset: {fileID: 0}
  m_GameObject: {fileID: 2530833685347092483}
  m_LocalRotation: {x: -0.00038178056, y: -0.8399156, z: -0.02309403, w: -0.5422253}
  m_LocalPosition: {x: 3.36, y: 1.03, z: 8.24}
  m_LocalScale: {x: 1.8874, y: 0.5494515, z: 1}
  m_ConstrainProportionsScale: 0
  m_Children: []
  m_Father: {fileID: 1133235728822601298}
  m_RootOrder: 14
  m_LocalEulerAnglesHint: {x: -2.2, y: -245.719, z: 1.473}
--- !u!33 &1931354351564995334
MeshFilter:
  m_ObjectHideFlags: 0
  m_CorrespondingSourceObject: {fileID: 0}
  m_PrefabInstance: {fileID: 0}
  m_PrefabAsset: {fileID: 0}
  m_GameObject: {fileID: 2530833685347092483}
  m_Mesh: {fileID: -1042992458660234263, guid: 59756a83ba8ef054ebe42d3d2ea358ac, type: 3}
--- !u!23 &2499439378676368018
MeshRenderer:
  m_ObjectHideFlags: 0
  m_CorrespondingSourceObject: {fileID: 0}
  m_PrefabInstance: {fileID: 0}
  m_PrefabAsset: {fileID: 0}
  m_GameObject: {fileID: 2530833685347092483}
  m_Enabled: 1
  m_CastShadows: 0
  m_ReceiveShadows: 0
  m_DynamicOccludee: 1
  m_StaticShadowCaster: 0
  m_MotionVectors: 1
  m_LightProbeUsage: 1
  m_ReflectionProbeUsage: 1
  m_RayTracingMode: 2
  m_RayTraceProcedural: 0
  m_RenderingLayerMask: 1
  m_RendererPriority: 0
  m_Materials:
  - {fileID: 2100000, guid: 04f87a47136d59c449d5332eda712b3f, type: 2}
  m_StaticBatchInfo:
    firstSubMesh: 0
    subMeshCount: 0
  m_StaticBatchRoot: {fileID: 0}
  m_ProbeAnchor: {fileID: 0}
  m_LightProbeVolumeOverride: {fileID: 0}
  m_ScaleInLightmap: 1
  m_ReceiveGI: 1
  m_PreserveUVs: 0
  m_IgnoreNormalsForChartDetection: 0
  m_ImportantGI: 0
  m_StitchLightmapSeams: 1
  m_SelectedEditorRenderState: 3
  m_MinimumChartSize: 4
  m_AutoUVMaxDistance: 0.5
  m_AutoUVMaxAngle: 89
  m_LightmapParameters: {fileID: 0}
  m_SortingLayerID: 0
  m_SortingLayer: 0
  m_SortingOrder: 0
  m_AdditionalVertexStreams: {fileID: 0}
--- !u!1 &3187473274121448204
GameObject:
  m_ObjectHideFlags: 0
  m_CorrespondingSourceObject: {fileID: 0}
  m_PrefabInstance: {fileID: 0}
  m_PrefabAsset: {fileID: 0}
  serializedVersion: 6
  m_Component:
  - component: {fileID: 8573205919815700659}
  - component: {fileID: 3559265922860599124}
  - component: {fileID: 7400903913190768392}
  m_Layer: 0
  m_Name: polar_borealis (1)
  m_TagString: Untagged
  m_Icon: {fileID: 0}
  m_NavMeshLayer: 0
  m_StaticEditorFlags: 0
  m_IsActive: 1
--- !u!4 &8573205919815700659
Transform:
  m_ObjectHideFlags: 0
  m_CorrespondingSourceObject: {fileID: 0}
  m_PrefabInstance: {fileID: 0}
  m_PrefabAsset: {fileID: 0}
  m_GameObject: {fileID: 3187473274121448204}
  m_LocalRotation: {x: -0.020236965, y: -0.93232393, z: 0.023907986, w: -0.36026517}
  m_LocalPosition: {x: 4.78, y: 1.53, z: 5.85}
  m_LocalScale: {x: 1.3875567, y: 0.5494515, z: 1}
  m_ConstrainProportionsScale: 0
  m_Children: []
  m_Father: {fileID: 1133235728822601298}
  m_RootOrder: 13
  m_LocalEulerAnglesHint: {x: 3.392, y: -222.22, z: 1.177}
--- !u!33 &3559265922860599124
MeshFilter:
  m_ObjectHideFlags: 0
  m_CorrespondingSourceObject: {fileID: 0}
  m_PrefabInstance: {fileID: 0}
  m_PrefabAsset: {fileID: 0}
  m_GameObject: {fileID: 3187473274121448204}
  m_Mesh: {fileID: -1042992458660234263, guid: 59756a83ba8ef054ebe42d3d2ea358ac, type: 3}
--- !u!23 &7400903913190768392
MeshRenderer:
  m_ObjectHideFlags: 0
  m_CorrespondingSourceObject: {fileID: 0}
  m_PrefabInstance: {fileID: 0}
  m_PrefabAsset: {fileID: 0}
  m_GameObject: {fileID: 3187473274121448204}
  m_Enabled: 1
  m_CastShadows: 0
  m_ReceiveShadows: 0
  m_DynamicOccludee: 1
  m_StaticShadowCaster: 0
  m_MotionVectors: 1
  m_LightProbeUsage: 1
  m_ReflectionProbeUsage: 1
  m_RayTracingMode: 2
  m_RayTraceProcedural: 0
  m_RenderingLayerMask: 1
  m_RendererPriority: 0
  m_Materials:
  - {fileID: 2100000, guid: e91872c467fa0ba479096f44dfec3315, type: 2}
  m_StaticBatchInfo:
    firstSubMesh: 0
    subMeshCount: 0
  m_StaticBatchRoot: {fileID: 0}
  m_ProbeAnchor: {fileID: 0}
  m_LightProbeVolumeOverride: {fileID: 0}
  m_ScaleInLightmap: 1
  m_ReceiveGI: 1
  m_PreserveUVs: 0
  m_IgnoreNormalsForChartDetection: 0
  m_ImportantGI: 0
  m_StitchLightmapSeams: 1
  m_SelectedEditorRenderState: 3
  m_MinimumChartSize: 4
  m_AutoUVMaxDistance: 0.5
  m_AutoUVMaxAngle: 89
  m_LightmapParameters: {fileID: 0}
  m_SortingLayerID: 0
  m_SortingLayer: 0
  m_SortingOrder: 0
  m_AdditionalVertexStreams: {fileID: 0}
--- !u!1 &4179215135794636212
GameObject:
  m_ObjectHideFlags: 0
  m_CorrespondingSourceObject: {fileID: 0}
  m_PrefabInstance: {fileID: 0}
  m_PrefabAsset: {fileID: 0}
  serializedVersion: 6
  m_Component:
  - component: {fileID: 6114884743136908061}
  - component: {fileID: 6407409513220701101}
  - component: {fileID: 3056678659487385120}
  m_Layer: 0
  m_Name: polar_borealis (5)
  m_TagString: Untagged
  m_Icon: {fileID: 0}
  m_NavMeshLayer: 0
  m_StaticEditorFlags: 0
  m_IsActive: 1
--- !u!4 &6114884743136908061
Transform:
  m_ObjectHideFlags: 0
  m_CorrespondingSourceObject: {fileID: 0}
  m_PrefabInstance: {fileID: 0}
  m_PrefabAsset: {fileID: 0}
  m_GameObject: {fileID: 4179215135794636212}
  m_LocalRotation: {x: -0.030329555, y: -0.96341926, z: 0.019236557, w: -0.26558143}
  m_LocalPosition: {x: 7.8, y: 0.86, z: 6.08}
  m_LocalScale: {x: 1.6997, y: 0.5494515, z: 1}
  m_ConstrainProportionsScale: 0
  m_Children: []
  m_Father: {fileID: 1133235728822601298}
  m_RootOrder: 15
  m_LocalEulerAnglesHint: {x: 3.048, y: -210.75, z: 2.768}
--- !u!33 &6407409513220701101
MeshFilter:
  m_ObjectHideFlags: 0
  m_CorrespondingSourceObject: {fileID: 0}
  m_PrefabInstance: {fileID: 0}
  m_PrefabAsset: {fileID: 0}
  m_GameObject: {fileID: 4179215135794636212}
  m_Mesh: {fileID: -1042992458660234263, guid: 59756a83ba8ef054ebe42d3d2ea358ac, type: 3}
--- !u!23 &3056678659487385120
MeshRenderer:
  m_ObjectHideFlags: 0
  m_CorrespondingSourceObject: {fileID: 0}
  m_PrefabInstance: {fileID: 0}
  m_PrefabAsset: {fileID: 0}
  m_GameObject: {fileID: 4179215135794636212}
  m_Enabled: 1
  m_CastShadows: 0
  m_ReceiveShadows: 0
  m_DynamicOccludee: 1
  m_StaticShadowCaster: 0
  m_MotionVectors: 1
  m_LightProbeUsage: 1
  m_ReflectionProbeUsage: 1
  m_RayTracingMode: 2
  m_RayTraceProcedural: 0
  m_RenderingLayerMask: 1
  m_RendererPriority: 0
  m_Materials:
  - {fileID: 2100000, guid: 694a72327f572e54a9c62ca032c18aa2, type: 2}
  m_StaticBatchInfo:
    firstSubMesh: 0
    subMeshCount: 0
  m_StaticBatchRoot: {fileID: 0}
  m_ProbeAnchor: {fileID: 0}
  m_LightProbeVolumeOverride: {fileID: 0}
  m_ScaleInLightmap: 1
  m_ReceiveGI: 1
  m_PreserveUVs: 0
  m_IgnoreNormalsForChartDetection: 0
  m_ImportantGI: 0
  m_StitchLightmapSeams: 1
  m_SelectedEditorRenderState: 3
  m_MinimumChartSize: 4
  m_AutoUVMaxDistance: 0.5
  m_AutoUVMaxAngle: 89
  m_LightmapParameters: {fileID: 0}
  m_SortingLayerID: 0
  m_SortingLayer: 0
  m_SortingOrder: 0
  m_AdditionalVertexStreams: {fileID: 0}
--- !u!1 &7555927983094111214
GameObject:
  m_ObjectHideFlags: 0
  m_CorrespondingSourceObject: {fileID: 0}
  m_PrefabInstance: {fileID: 0}
  m_PrefabAsset: {fileID: 0}
  serializedVersion: 6
  m_Component:
  - component: {fileID: 730073077722176923}
  - component: {fileID: 1262069399871467995}
  - component: {fileID: 3634430845405056073}
  m_Layer: 0
  m_Name: polar_borealis (2)
  m_TagString: Untagged
  m_Icon: {fileID: 0}
  m_NavMeshLayer: 0
  m_StaticEditorFlags: 0
  m_IsActive: 1
--- !u!4 &730073077722176923
Transform:
  m_ObjectHideFlags: 0
  m_CorrespondingSourceObject: {fileID: 0}
  m_PrefabInstance: {fileID: 0}
  m_PrefabAsset: {fileID: 0}
  m_GameObject: {fileID: 7555927983094111214}
  m_LocalRotation: {x: 0.0012865457, y: -0.91179085, z: -0.023568716, w: -0.40997595}
  m_LocalPosition: {x: 5.74, y: 1.87, z: 8.21}
  m_LocalScale: {x: 1.8874, y: 1, z: 1}
  m_ConstrainProportionsScale: 0
  m_Children: []
  m_Father: {fileID: 1133235728822601298}
  m_RootOrder: 9
  m_LocalEulerAnglesHint: {x: -2.524, y: -228.442, z: 0.974}
--- !u!33 &1262069399871467995
MeshFilter:
  m_ObjectHideFlags: 0
  m_CorrespondingSourceObject: {fileID: 0}
  m_PrefabInstance: {fileID: 0}
  m_PrefabAsset: {fileID: 0}
  m_GameObject: {fileID: 7555927983094111214}
  m_Mesh: {fileID: -1042992458660234263, guid: 59756a83ba8ef054ebe42d3d2ea358ac, type: 3}
--- !u!23 &3634430845405056073
MeshRenderer:
  m_ObjectHideFlags: 0
  m_CorrespondingSourceObject: {fileID: 0}
  m_PrefabInstance: {fileID: 0}
  m_PrefabAsset: {fileID: 0}
  m_GameObject: {fileID: 7555927983094111214}
  m_Enabled: 1
  m_CastShadows: 0
  m_ReceiveShadows: 0
  m_DynamicOccludee: 1
  m_StaticShadowCaster: 0
  m_MotionVectors: 1
  m_LightProbeUsage: 1
  m_ReflectionProbeUsage: 1
  m_RayTracingMode: 2
  m_RayTraceProcedural: 0
  m_RenderingLayerMask: 1
  m_RendererPriority: 0
  m_Materials:
  - {fileID: 2100000, guid: bd076e3da6a2b60468e4262dcf65277f, type: 2}
  m_StaticBatchInfo:
    firstSubMesh: 0
    subMeshCount: 0
  m_StaticBatchRoot: {fileID: 0}
  m_ProbeAnchor: {fileID: 0}
  m_LightProbeVolumeOverride: {fileID: 0}
  m_ScaleInLightmap: 1
  m_ReceiveGI: 1
  m_PreserveUVs: 0
  m_IgnoreNormalsForChartDetection: 0
  m_ImportantGI: 0
  m_StitchLightmapSeams: 1
  m_SelectedEditorRenderState: 3
  m_MinimumChartSize: 4
  m_AutoUVMaxDistance: 0.5
  m_AutoUVMaxAngle: 89
  m_LightmapParameters: {fileID: 0}
  m_SortingLayerID: 0
  m_SortingLayer: 0
  m_SortingOrder: 0
  m_AdditionalVertexStreams: {fileID: 0}
--- !u!1001 &4813713923098649060
PrefabInstance:
  m_ObjectHideFlags: 0
  serializedVersion: 2
  m_Modification:
    m_TransformParent: {fileID: 0}
    m_Modifications:
    - target: {fileID: 705507994, guid: 2872c86a757c1a344bc99f24334b8d79, type: 3}
      propertyPath: m_Enabled
      value: 0
      objectReference: {fileID: 0}
    - target: {fileID: 963194228, guid: 2872c86a757c1a344bc99f24334b8d79, type: 3}
      propertyPath: m_LocalPosition.y
      value: 0.86
      objectReference: {fileID: 0}
    - target: {fileID: 963194228, guid: 2872c86a757c1a344bc99f24334b8d79, type: 3}
      propertyPath: m_LocalRotation.y
      value: -0.9990822
      objectReference: {fileID: 0}
    - target: {fileID: 963194228, guid: 2872c86a757c1a344bc99f24334b8d79, type: 3}
      propertyPath: m_LocalRotation.z
      value: -0.0428348
      objectReference: {fileID: 0}
    - target: {fileID: 963194228, guid: 2872c86a757c1a344bc99f24334b8d79, type: 3}
      propertyPath: m_LocalEulerAnglesHint.x
      value: -4.91
      objectReference: {fileID: 0}
    - target: {fileID: 963194228, guid: 2872c86a757c1a344bc99f24334b8d79, type: 3}
      propertyPath: m_LocalEulerAnglesHint.y
      value: -180
      objectReference: {fileID: 0}
    - target: {fileID: 963194229, guid: 2872c86a757c1a344bc99f24334b8d79, type: 3}
      propertyPath: sharedProfile
      value: 
      objectReference: {fileID: 11400000, guid: d437f79df534a3546bc0756882725ed3, type: 2}
    - target: {fileID: 1183139446, guid: 2872c86a757c1a344bc99f24334b8d79, type: 3}
      propertyPath: m_Materials.Array.data[0]
      value: 
      objectReference: {fileID: 2100000, guid: 22283df1b2aedb74698d078586d2f75d, type: 2}
    - target: {fileID: 1460594680, guid: 2872c86a757c1a344bc99f24334b8d79, type: 3}
      propertyPath: m_Color.b
      value: 0.57264996
      objectReference: {fileID: 0}
    - target: {fileID: 1460594680, guid: 2872c86a757c1a344bc99f24334b8d79, type: 3}
      propertyPath: m_Lightmapping
      value: 4
      objectReference: {fileID: 0}
    - target: {fileID: 2002070920, guid: 2872c86a757c1a344bc99f24334b8d79, type: 3}
      propertyPath: m_Color.b
      value: 1
      objectReference: {fileID: 0}
    - target: {fileID: 2002070920, guid: 2872c86a757c1a344bc99f24334b8d79, type: 3}
      propertyPath: m_Color.g
      value: 0.85568786
      objectReference: {fileID: 0}
    - target: {fileID: 2002070920, guid: 2872c86a757c1a344bc99f24334b8d79, type: 3}
      propertyPath: m_Color.r
      value: 0
      objectReference: {fileID: 0}
    - target: {fileID: 2002070920, guid: 2872c86a757c1a344bc99f24334b8d79, type: 3}
      propertyPath: m_Intensity
      value: 1.4
      objectReference: {fileID: 0}
    - target: {fileID: 2002070920, guid: 2872c86a757c1a344bc99f24334b8d79, type: 3}
      propertyPath: m_Lightmapping
      value: 4
      objectReference: {fileID: 0}
    - target: {fileID: 2002070920, guid: 2872c86a757c1a344bc99f24334b8d79, type: 3}
      propertyPath: m_Shadows.m_Type
      value: 0
      objectReference: {fileID: 0}
    - target: {fileID: 423562482498842957, guid: 2872c86a757c1a344bc99f24334b8d79, type: 3}
      propertyPath: m_Materials.Array.data[0]
      value: 
      objectReference: {fileID: 2100000, guid: 22283df1b2aedb74698d078586d2f75d, type: 2}
    - target: {fileID: 614227216902386372, guid: 2872c86a757c1a344bc99f24334b8d79, type: 3}
      propertyPath: m_Materials.Array.data[0]
      value: 
      objectReference: {fileID: 2100000, guid: f2df1f728a24af14c91d1af5e8c54bad, type: 2}
    - target: {fileID: 1233858870831233106, guid: 2872c86a757c1a344bc99f24334b8d79, type: 3}
      propertyPath: m_LocalPosition.y
      value: -0.04
      objectReference: {fileID: 0}
    - target: {fileID: 1459007163961664151, guid: 2872c86a757c1a344bc99f24334b8d79, type: 3}
      propertyPath: m_LocalRotation.w
      value: 0.9986295
      objectReference: {fileID: 0}
    - target: {fileID: 1459007163961664151, guid: 2872c86a757c1a344bc99f24334b8d79, type: 3}
      propertyPath: m_LocalRotation.y
      value: 0.052335896
      objectReference: {fileID: 0}
    - target: {fileID: 1459007163961664151, guid: 2872c86a757c1a344bc99f24334b8d79, type: 3}
      propertyPath: m_LocalRotation.z
      value: 0
      objectReference: {fileID: 0}
    - target: {fileID: 1459007163961664151, guid: 2872c86a757c1a344bc99f24334b8d79, type: 3}
      propertyPath: m_LocalEulerAnglesHint.y
      value: 6
      objectReference: {fileID: 0}
    - target: {fileID: 2313776699527583821, guid: 2872c86a757c1a344bc99f24334b8d79, type: 3}
      propertyPath: m_CastShadows
      value: 0
      objectReference: {fileID: 0}
    - target: {fileID: 2313776699527583821, guid: 2872c86a757c1a344bc99f24334b8d79, type: 3}
      propertyPath: m_ReceiveShadows
      value: 0
      objectReference: {fileID: 0}
    - target: {fileID: 2313776699527583821, guid: 2872c86a757c1a344bc99f24334b8d79, type: 3}
      propertyPath: m_Materials.Array.data[0]
      value: 
      objectReference: {fileID: 2100000, guid: 00c84aacd45456c40abb0f2f145c02ca, type: 2}
    - target: {fileID: 3504554076677091743, guid: 2872c86a757c1a344bc99f24334b8d79, type: 3}
      propertyPath: m_LocalPosition.x
      value: 3.54
      objectReference: {fileID: 0}
    - target: {fileID: 3504554076677091743, guid: 2872c86a757c1a344bc99f24334b8d79, type: 3}
      propertyPath: m_LocalPosition.y
      value: 2.56
      objectReference: {fileID: 0}
    - target: {fileID: 3504554076677091743, guid: 2872c86a757c1a344bc99f24334b8d79, type: 3}
      propertyPath: m_LocalPosition.z
      value: 3.73
      objectReference: {fileID: 0}
    - target: {fileID: 3504554076677091743, guid: 2872c86a757c1a344bc99f24334b8d79, type: 3}
      propertyPath: m_LocalRotation.w
      value: -0.3087712
      objectReference: {fileID: 0}
    - target: {fileID: 3504554076677091743, guid: 2872c86a757c1a344bc99f24334b8d79, type: 3}
      propertyPath: m_LocalRotation.x
      value: 0.017099246
      objectReference: {fileID: 0}
    - target: {fileID: 3504554076677091743, guid: 2872c86a757c1a344bc99f24334b8d79, type: 3}
      propertyPath: m_LocalRotation.y
      value: -0.95096654
      objectReference: {fileID: 0}
    - target: {fileID: 3504554076677091743, guid: 2872c86a757c1a344bc99f24334b8d79, type: 3}
      propertyPath: m_LocalRotation.z
      value: 0.0055354387
      objectReference: {fileID: 0}
    - target: {fileID: 3504554076677091743, guid: 2872c86a757c1a344bc99f24334b8d79, type: 3}
      propertyPath: m_LocalEulerAnglesHint.x
      value: -0.002
      objectReference: {fileID: 0}
    - target: {fileID: 3504554076677091743, guid: 2872c86a757c1a344bc99f24334b8d79, type: 3}
      propertyPath: m_LocalEulerAnglesHint.y
      value: -215.976
      objectReference: {fileID: 0}
    - target: {fileID: 3504554076677091743, guid: 2872c86a757c1a344bc99f24334b8d79, type: 3}
      propertyPath: m_LocalEulerAnglesHint.z
      value: -2.06
      objectReference: {fileID: 0}
    - target: {fileID: 3950020931695060753, guid: 2872c86a757c1a344bc99f24334b8d79, type: 3}
      propertyPath: m_Materials.Array.data[0]
      value: 
      objectReference: {fileID: 2100000, guid: f2df1f728a24af14c91d1af5e8c54bad, type: 2}
    - target: {fileID: 4018118098334595120, guid: 2872c86a757c1a344bc99f24334b8d79, type: 3}
      propertyPath: m_Materials.Array.data[0]
      value: 
      objectReference: {fileID: 2100000, guid: f2df1f728a24af14c91d1af5e8c54bad, type: 2}
    - target: {fileID: 5061025667279584524, guid: 2872c86a757c1a344bc99f24334b8d79, type: 3}
      propertyPath: m_Name
      value: polarNightToken
      objectReference: {fileID: 0}
    - target: {fileID: 5416686128463812316, guid: 2872c86a757c1a344bc99f24334b8d79, type: 3}
      propertyPath: m_LocalPosition.x
      value: 0.82
      objectReference: {fileID: 0}
    - target: {fileID: 5416686128463812316, guid: 2872c86a757c1a344bc99f24334b8d79, type: 3}
      propertyPath: m_LocalPosition.z
      value: -1.04
      objectReference: {fileID: 0}
    - target: {fileID: 5564735998560152113, guid: 2872c86a757c1a344bc99f24334b8d79, type: 3}
      propertyPath: m_LocalPosition.x
      value: 0.36
      objectReference: {fileID: 0}
    - target: {fileID: 5564735998560152113, guid: 2872c86a757c1a344bc99f24334b8d79, type: 3}
      propertyPath: m_LocalPosition.z
      value: 0.27
      objectReference: {fileID: 0}
    - target: {fileID: 5582124512505571254, guid: 2872c86a757c1a344bc99f24334b8d79, type: 3}
      propertyPath: m_RootOrder
      value: 0
      objectReference: {fileID: 0}
    - target: {fileID: 5582124512505571254, guid: 2872c86a757c1a344bc99f24334b8d79, type: 3}
      propertyPath: m_LocalPosition.x
      value: -0
      objectReference: {fileID: 0}
    - target: {fileID: 5582124512505571254, guid: 2872c86a757c1a344bc99f24334b8d79, type: 3}
      propertyPath: m_LocalPosition.y
      value: 0
      objectReference: {fileID: 0}
    - target: {fileID: 5582124512505571254, guid: 2872c86a757c1a344bc99f24334b8d79, type: 3}
      propertyPath: m_LocalPosition.z
      value: 0
      objectReference: {fileID: 0}
    - target: {fileID: 5582124512505571254, guid: 2872c86a757c1a344bc99f24334b8d79, type: 3}
      propertyPath: m_LocalRotation.w
      value: 0
      objectReference: {fileID: 0}
    - target: {fileID: 5582124512505571254, guid: 2872c86a757c1a344bc99f24334b8d79, type: 3}
      propertyPath: m_LocalRotation.x
      value: 0
      objectReference: {fileID: 0}
    - target: {fileID: 5582124512505571254, guid: 2872c86a757c1a344bc99f24334b8d79, type: 3}
      propertyPath: m_LocalRotation.y
      value: 1
      objectReference: {fileID: 0}
    - target: {fileID: 5582124512505571254, guid: 2872c86a757c1a344bc99f24334b8d79, type: 3}
      propertyPath: m_LocalRotation.z
      value: 0
      objectReference: {fileID: 0}
    - target: {fileID: 5582124512505571254, guid: 2872c86a757c1a344bc99f24334b8d79, type: 3}
      propertyPath: m_LocalEulerAnglesHint.x
      value: 0
      objectReference: {fileID: 0}
    - target: {fileID: 5582124512505571254, guid: 2872c86a757c1a344bc99f24334b8d79, type: 3}
      propertyPath: m_LocalEulerAnglesHint.y
      value: 180
      objectReference: {fileID: 0}
    - target: {fileID: 5582124512505571254, guid: 2872c86a757c1a344bc99f24334b8d79, type: 3}
      propertyPath: m_LocalEulerAnglesHint.z
      value: 0
      objectReference: {fileID: 0}
    - target: {fileID: 6691212546256693428, guid: 2872c86a757c1a344bc99f24334b8d79, type: 3}
      propertyPath: m_Materials.Array.data[0]
      value: 
      objectReference: {fileID: 2100000, guid: c2031207c1053964e97ec06559939cb6, type: 2}
    - target: {fileID: 6804460067294686340, guid: 2872c86a757c1a344bc99f24334b8d79, type: 3}
      propertyPath: m_LocalPosition.x
      value: 0.09
      objectReference: {fileID: 0}
    - target: {fileID: 6804460067294686340, guid: 2872c86a757c1a344bc99f24334b8d79, type: 3}
      propertyPath: m_LocalPosition.z
      value: 0.2
      objectReference: {fileID: 0}
    - target: {fileID: 7390389648366324367, guid: 2872c86a757c1a344bc99f24334b8d79, type: 3}
      propertyPath: m_Materials.Array.data[0]
      value: 
      objectReference: {fileID: 2100000, guid: f2df1f728a24af14c91d1af5e8c54bad, type: 2}
    - target: {fileID: 8280189789874772262, guid: 2872c86a757c1a344bc99f24334b8d79, type: 3}
      propertyPath: m_LocalPosition.x
      value: -0.3
      objectReference: {fileID: 0}
    - target: {fileID: 8280189789874772262, guid: 2872c86a757c1a344bc99f24334b8d79, type: 3}
      propertyPath: m_LocalPosition.z
      value: -0.61
      objectReference: {fileID: 0}
    - target: {fileID: 8512254019158826753, guid: 2872c86a757c1a344bc99f24334b8d79, type: 3}
      propertyPath: m_IsActive
      value: 0
      objectReference: {fileID: 0}
    - target: {fileID: 8805931202052445318, guid: 2872c86a757c1a344bc99f24334b8d79, type: 3}
      propertyPath: m_IsActive
      value: 1
      objectReference: {fileID: 0}
    m_RemovedComponents: []
  m_SourcePrefab: {fileID: 100100000, guid: 2872c86a757c1a344bc99f24334b8d79, type: 3}
--- !u!4 &1133235728822601298 stripped
Transform:
  m_CorrespondingSourceObject: {fileID: 5582124512505571254, guid: 2872c86a757c1a344bc99f24334b8d79, type: 3}
  m_PrefabInstance: {fileID: 4813713923098649060}
  m_PrefabAsset: {fileID: 0}
--- !u!4 &4813713923520629904 stripped
Transform:
  m_CorrespondingSourceObject: {fileID: 963194228, guid: 2872c86a757c1a344bc99f24334b8d79, type: 3}
  m_PrefabInstance: {fileID: 4813713923098649060}
  m_PrefabAsset: {fileID: 0}
