%YAML 1.1
%TAG !u! tag:unity3d.com,2011:
--- !u!1 &184776042
GameObject:
  m_ObjectHideFlags: 0
  m_CorrespondingSourceObject: {fileID: 0}
  m_PrefabInstance: {fileID: 0}
  m_PrefabAsset: {fileID: 0}
  serializedVersion: 6
  m_Component:
  - component: {fileID: 184776043}
  - component: {fileID: 184776046}
  - component: {fileID: 184776045}
  - component: {fileID: 184776044}
  m_Layer: 4
  m_Name: Main CameraTemple
  m_TagString: MainCamera
  m_Icon: {fileID: 0}
  m_NavMeshLayer: 0
  m_StaticEditorFlags: 2147483647
  m_IsActive: 1
--- !u!4 &184776043
Transform:
  m_ObjectHideFlags: 0
  m_CorrespondingSourceObject: {fileID: 0}
  m_PrefabInstance: {fileID: 0}
  m_PrefabAsset: {fileID: 0}
  m_GameObject: {fileID: 184776042}
  m_LocalRotation: {x: -0, y: -0, z: -0, w: 1}
  m_LocalPosition: {x: -1.0499988, y: 1.11, z: -49.76}
  m_LocalScale: {x: 1, y: 1, z: 1}
  m_ConstrainProportionsScale: 0
  m_Children: []
  m_Father: {fileID: 4336513173014982745}
  m_RootOrder: 3
  m_LocalEulerAnglesHint: {x: 0, y: 0, z: 0}
--- !u!20 &184776046
Camera:
  m_ObjectHideFlags: 0
  m_CorrespondingSourceObject: {fileID: 0}
  m_PrefabInstance: {fileID: 0}
  m_PrefabAsset: {fileID: 0}
  m_GameObject: {fileID: 184776042}
  m_Enabled: 1
  serializedVersion: 2
  m_ClearFlags: 1
  m_BackGroundColor: {r: 0.19215687, g: 0.3019608, b: 0.4745098, a: 0}
  m_projectionMatrixMode: 1
  m_GateFitMode: 2
  m_FOVAxisMode: 0
  m_SensorSize: {x: 36, y: 24}
  m_LensShift: {x: 0, y: 0}
  m_FocalLength: 50
  m_NormalizedViewPortRect:
    serializedVersion: 2
    x: 0
    y: 0
    width: 1
    height: 1
  near clip plane: 0.1
  far clip plane: 1000
  field of view: 28
  orthographic: 0
  orthographic size: 5
  m_Depth: -1
  m_CullingMask:
    serializedVersion: 2
    m_Bits: 4294967295
  m_RenderingPath: -1
  m_TargetTexture: {fileID: 0}
  m_TargetDisplay: 0
  m_TargetEye: 3
  m_HDR: 1
  m_AllowMSAA: 1
  m_AllowDynamicResolution: 0
  m_ForceIntoRT: 0
  m_OcclusionCulling: 1
  m_StereoConvergence: 10
  m_StereoSeparation: 0.022
--- !u!114 &184776045
MonoBehaviour:
  m_ObjectHideFlags: 0
  m_CorrespondingSourceObject: {fileID: 0}
  m_PrefabInstance: {fileID: 0}
  m_PrefabAsset: {fileID: 0}
  m_GameObject: {fileID: 184776042}
  m_Enabled: 1
  m_EditorHideFlags: 0
  m_Script: {fileID: 11500000, guid: 948f4100a11a5c24981795d21301da5c, type: 3}
  m_Name: 
  m_EditorClassIdentifier: 
  volumeTrigger: {fileID: 184776043}
  volumeLayer:
    serializedVersion: 2
    m_Bits: 16
  stopNaNPropagation: 1
  finalBlitToCameraTarget: 1
  antialiasingMode: 2
  temporalAntialiasing:
    jitterSpread: 0.75
    sharpness: 0.25
    stationaryBlending: 0.95
    motionBlending: 0.85
  subpixelMorphologicalAntialiasing:
    quality: 2
  fastApproximateAntialiasing:
    fastMode: 0
    keepAlpha: 0
  fog:
    enabled: 1
    excludeSkybox: 1
  debugLayer:
    lightMeter:
      width: 512
      height: 256
      showCurves: 1
    histogram:
      width: 512
      height: 256
      channel: 3
    waveform:
      exposure: 0.12
      height: 256
    vectorscope:
      size: 256
      exposure: 0.12
    overlaySettings:
      linearDepth: 0
      motionColorIntensity: 4
      motionGridSize: 64
      colorBlindnessType: 0
      colorBlindnessStrength: 1
  m_Resources: {fileID: 11400000, guid: d82512f9c8e5d4a4d938b575d47f88d4, type: 2}
  m_ShowToolkit: 0
  m_ShowCustomSorter: 0
  breakBeforeColorGrading: 0
  m_BeforeTransparentBundles: []
  m_BeforeStackBundles: []
  m_AfterStackBundles: []
--- !u!114 &184776044
MonoBehaviour:
  m_ObjectHideFlags: 0
  m_CorrespondingSourceObject: {fileID: 0}
  m_PrefabInstance: {fileID: 0}
  m_PrefabAsset: {fileID: 0}
  m_GameObject: {fileID: 184776042}
  m_Enabled: 1
  m_EditorHideFlags: 0
  m_Script: {fileID: 11500000, guid: 8b9a305e18de0c04dbd257a21cd47087, type: 3}
  m_Name: 
  m_EditorClassIdentifier: 
  sharedProfile: {fileID: 11400000, guid: b3b6a347ab8792b4eba2422b0c47c59c, type: 2}
  isGlobal: 1
  blendDistance: 0
  weight: 1
  priority: 1
--- !u!1 &225741313
GameObject:
  m_ObjectHideFlags: 0
  m_CorrespondingSourceObject: {fileID: 0}
  m_PrefabInstance: {fileID: 0}
  m_PrefabAsset: {fileID: 0}
  serializedVersion: 6
  m_Component:
  - component: {fileID: 225741314}
  - component: {fileID: 225741315}
  m_Layer: 0
  m_Name: SunTemple
  m_TagString: Untagged
  m_Icon: {fileID: 0}
  m_NavMeshLayer: 0
  m_StaticEditorFlags: 2147483647
  m_IsActive: 1
--- !u!4 &225741314
Transform:
  m_ObjectHideFlags: 0
  m_CorrespondingSourceObject: {fileID: 0}
  m_PrefabInstance: {fileID: 0}
  m_PrefabAsset: {fileID: 0}
  m_GameObject: {fileID: 225741313}
  m_LocalRotation: {x: 0.55700153, y: 0.16863112, z: -0.11671058, w: 0.8047929}
  m_LocalPosition: {x: -2.19, y: 10.25, z: -38.48}
  m_LocalScale: {x: 1, y: 1, z: 1}
  m_ConstrainProportionsScale: 0
  m_Children: []
  m_Father: {fileID: 4336513173014982745}
  m_RootOrder: 6
  m_LocalEulerAnglesHint: {x: 69.375, y: 23.668, z: 0}
--- !u!108 &225741315
Light:
  m_ObjectHideFlags: 0
  m_CorrespondingSourceObject: {fileID: 0}
  m_PrefabInstance: {fileID: 0}
  m_PrefabAsset: {fileID: 0}
  m_GameObject: {fileID: 225741313}
  m_Enabled: 1
  serializedVersion: 10
  m_Type: 1
  m_Shape: 0
  m_Color: {r: 1, g: 0.9678055, b: 0.740566, a: 1}
  m_Intensity: 0.6
  m_Range: 100
  m_SpotAngle: 43.5
  m_InnerSpotAngle: 14.1
  m_CookieSize: 10
  m_Shadows:
    m_Type: 2
    m_Resolution: 3
    m_CustomResolution: -1
    m_Strength: 0
    m_Bias: 0
    m_NormalBias: 0.27
    m_NearPlane: 0.2
    m_CullingMatrixOverride:
      e00: 1
      e01: 0
      e02: 0
      e03: 0
      e10: 0
      e11: 1
      e12: 0
      e13: 0
      e20: 0
      e21: 0
      e22: 1
      e23: 0
      e30: 0
      e31: 0
      e32: 0
      e33: 1
    m_UseCullingMatrixOverride: 0
  m_Cookie: {fileID: 0}
  m_DrawHalo: 0
  m_Flare: {fileID: 0}
  m_RenderMode: 1
  m_CullingMask:
    serializedVersion: 2
    m_Bits: 4294967295
  m_RenderingLayerMask: 1
  m_Lightmapping: 4
  m_LightShadowCasterMode: 0
  m_AreaSize: {x: 1, y: 1}
  m_BounceIntensity: 2.25
  m_ColorTemperature: 6570
  m_UseColorTemperature: 0
  m_BoundingSphereOverride: {x: 0, y: 0, z: 0, w: 0.00000012567739}
  m_UseBoundingSphereOverride: 0
  m_UseViewFrustumForShadowCasterCull: 1
  m_ShadowRadius: 0
  m_ShadowAngle: 0
--- !u!1 &764578956
GameObject:
  m_ObjectHideFlags: 0
  m_CorrespondingSourceObject: {fileID: 0}
  m_PrefabInstance: {fileID: 0}
  m_PrefabAsset: {fileID: 0}
  serializedVersion: 6
  m_Component:
  - component: {fileID: 764578957}
  - component: {fileID: 764578958}
  m_Layer: 0
  m_Name: Directional Light (7)
  m_TagString: Untagged
  m_Icon: {fileID: 0}
  m_NavMeshLayer: 0
  m_StaticEditorFlags: 2147483647
  m_IsActive: 1
--- !u!4 &764578957
Transform:
  m_ObjectHideFlags: 0
  m_CorrespondingSourceObject: {fileID: 0}
  m_PrefabInstance: {fileID: 0}
  m_PrefabAsset: {fileID: 0}
  m_GameObject: {fileID: 764578956}
  m_LocalRotation: {x: 0.5022911, y: -0.38025045, z: 0.6191868, w: 0.46874416}
  m_LocalPosition: {x: 3.4219766, y: 3.0700002, z: -37.514416}
  m_LocalScale: {x: 1, y: 1, z: 1}
  m_ConstrainProportionsScale: 0
  m_Children: []
  m_Father: {fileID: 4336513173014982745}
  m_RootOrder: 4
  m_LocalEulerAnglesHint: {x: 70.353, y: 52.166, z: 143.818}
--- !u!108 &764578958
Light:
  m_ObjectHideFlags: 0
  m_CorrespondingSourceObject: {fileID: 0}
  m_PrefabInstance: {fileID: 0}
  m_PrefabAsset: {fileID: 0}
  m_GameObject: {fileID: 764578956}
  m_Enabled: 1
  serializedVersion: 10
  m_Type: 1
  m_Shape: 0
  m_Color: {r: 0.46199715, g: 0.5471698, b: 0.5389269, a: 1}
  m_Intensity: 0.89
  m_Range: 10
  m_SpotAngle: 30
  m_InnerSpotAngle: 21.80208
  m_CookieSize: 10
  m_Shadows:
    m_Type: 0
    m_Resolution: 3
    m_CustomResolution: -1
    m_Strength: 1
    m_Bias: 0.05
    m_NormalBias: 0.4
    m_NearPlane: 0.2
    m_CullingMatrixOverride:
      e00: 1
      e01: 0
      e02: 0
      e03: 0
      e10: 0
      e11: 1
      e12: 0
      e13: 0
      e20: 0
      e21: 0
      e22: 1
      e23: 0
      e30: 0
      e31: 0
      e32: 0
      e33: 1
    m_UseCullingMatrixOverride: 0
  m_Cookie: {fileID: 0}
  m_DrawHalo: 0
  m_Flare: {fileID: 0}
  m_RenderMode: 1
  m_CullingMask:
    serializedVersion: 2
    m_Bits: 4294967295
  m_RenderingLayerMask: 1
  m_Lightmapping: 4
  m_LightShadowCasterMode: 0
  m_AreaSize: {x: 1, y: 1}
  m_BounceIntensity: 1
  m_ColorTemperature: 6570
  m_UseColorTemperature: 0
  m_BoundingSphereOverride: {x: 0, y: 3.4e-44, z: 0, w: 3.4e-44}
  m_UseBoundingSphereOverride: 0
  m_UseViewFrustumForShadowCasterCull: 1
  m_ShadowRadius: 0
  m_ShadowAngle: 0
--- !u!1 &1716050889
GameObject:
  m_ObjectHideFlags: 0
  m_CorrespondingSourceObject: {fileID: 0}
  m_PrefabInstance: {fileID: 0}
  m_PrefabAsset: {fileID: 0}
  serializedVersion: 6
  m_Component:
  - component: {fileID: 1716050890}
  - component: {fileID: 1716050891}
  m_Layer: 0
  m_Name: Directional Light (8)
  m_TagString: Untagged
  m_Icon: {fileID: 0}
  m_NavMeshLayer: 0
  m_StaticEditorFlags: 2147483647
  m_IsActive: 1
--- !u!4 &1716050890
Transform:
  m_ObjectHideFlags: 0
  m_CorrespondingSourceObject: {fileID: 0}
  m_PrefabInstance: {fileID: 0}
  m_PrefabAsset: {fileID: 0}
  m_GameObject: {fileID: 1716050889}
  m_LocalRotation: {x: -0, y: -0.7348128, z: -0, w: 0.67827004}
  m_LocalPosition: {x: -5.7103734, y: 3.0700002, z: -36.320965}
  m_LocalScale: {x: 1, y: 1, z: 1}
  m_ConstrainProportionsScale: 0
  m_Children: []
  m_Father: {fileID: 4336513173014982745}
  m_RootOrder: 5
  m_LocalEulerAnglesHint: {x: 0, y: -94.583, z: 0}
--- !u!108 &1716050891
Light:
  m_ObjectHideFlags: 0
  m_CorrespondingSourceObject: {fileID: 0}
  m_PrefabInstance: {fileID: 0}
  m_PrefabAsset: {fileID: 0}
  m_GameObject: {fileID: 1716050889}
  m_Enabled: 1
  serializedVersion: 10
  m_Type: 1
  m_Shape: 0
  m_Color: {r: 0.9622642, g: 0, b: 0.025876928, a: 1}
  m_Intensity: 0.6
  m_Range: 10
  m_SpotAngle: 30
  m_InnerSpotAngle: 21.80208
  m_CookieSize: 10
  m_Shadows:
    m_Type: 0
    m_Resolution: 3
    m_CustomResolution: -1
    m_Strength: 1
    m_Bias: 0.05
    m_NormalBias: 0.4
    m_NearPlane: 0.2
    m_CullingMatrixOverride:
      e00: 1
      e01: 0
      e02: 0
      e03: 0
      e10: 0
      e11: 1
      e12: 0
      e13: 0
      e20: 0
      e21: 0
      e22: 1
      e23: 0
      e30: 0
      e31: 0
      e32: 0
      e33: 1
    m_UseCullingMatrixOverride: 0
  m_Cookie: {fileID: 0}
  m_DrawHalo: 0
  m_Flare: {fileID: 0}
  m_RenderMode: 1
  m_CullingMask:
    serializedVersion: 2
    m_Bits: 4294967295
  m_RenderingLayerMask: 1
  m_Lightmapping: 4
  m_LightShadowCasterMode: 0
  m_AreaSize: {x: 1, y: 1}
  m_BounceIntensity: 1
  m_ColorTemperature: 6570
  m_UseColorTemperature: 0
  m_BoundingSphereOverride: {x: 0, y: 3.4e-44, z: 0, w: 3.4e-44}
  m_UseBoundingSphereOverride: 0
  m_UseViewFrustumForShadowCasterCull: 1
  m_ShadowRadius: 0
  m_ShadowAngle: 0
--- !u!1 &1848183760
GameObject:
  m_ObjectHideFlags: 0
  m_CorrespondingSourceObject: {fileID: 0}
  m_PrefabInstance: {fileID: 0}
  m_PrefabAsset: {fileID: 0}
  serializedVersion: 6
  m_Component:
  - component: {fileID: 1848183762}
  - component: {fileID: 1848183761}
  m_Layer: 0
  m_Name: Light Probe Group
  m_TagString: Untagged
  m_Icon: {fileID: 0}
  m_NavMeshLayer: 0
  m_StaticEditorFlags: 2147483647
  m_IsActive: 1
--- !u!4 &1848183762
Transform:
  m_ObjectHideFlags: 0
  m_CorrespondingSourceObject: {fileID: 0}
  m_PrefabInstance: {fileID: 0}
  m_PrefabAsset: {fileID: 0}
  m_GameObject: {fileID: 1848183760}
  m_LocalRotation: {x: -0, y: -0.12761633, z: -0, w: 0.9918236}
  m_LocalPosition: {x: -1.1099987, y: 1.6149988, z: -35.80859}
  m_LocalScale: {x: 2.0586214, y: 2.0586214, z: 2.0586214}
  m_ConstrainProportionsScale: 0
  m_Children: []
  m_Father: {fileID: 4336513173014982745}
  m_RootOrder: 7
  m_LocalEulerAnglesHint: {x: 0, y: -14.664, z: 0}
--- !u!220 &1848183761
LightProbeGroup:
  m_ObjectHideFlags: 0
  m_CorrespondingSourceObject: {fileID: 0}
  m_PrefabInstance: {fileID: 0}
  m_PrefabAsset: {fileID: 0}
  m_GameObject: {fileID: 1848183760}
  m_Enabled: 1
  m_SourcePositions:
  - {x: 1, y: 1, z: 1}
  - {x: 1, y: 1, z: -1}
  - {x: 1, y: -1, z: 1}
  - {x: 1, y: -1, z: -1}
  - {x: -1, y: 1, z: 1}
  - {x: -1, y: 1, z: -1}
  - {x: -1, y: -1, z: 1}
  - {x: -1, y: -1, z: -1}
  m_Dering: 1
--- !u!1001 &4297800446344517554
PrefabInstance:
  m_ObjectHideFlags: 0
  serializedVersion: 2
  m_Modification:
    m_TransformParent: {fileID: 0}
    m_Modifications:
    - target: {fileID: -9142873913582589010, guid: ce20a94545fdb7f44ba63e594a7e9776, type: 3}
      propertyPath: m_StaticEditorFlags
      value: 2147483647
      objectReference: {fileID: 0}
    - target: {fileID: -8679921383154817045, guid: ce20a94545fdb7f44ba63e594a7e9776, type: 3}
      propertyPath: m_RootOrder
      value: 0
      objectReference: {fileID: 0}
    - target: {fileID: -8679921383154817045, guid: ce20a94545fdb7f44ba63e594a7e9776, type: 3}
      propertyPath: m_LocalPosition.x
      value: 1.0499988
      objectReference: {fileID: 0}
    - target: {fileID: -8679921383154817045, guid: ce20a94545fdb7f44ba63e594a7e9776, type: 3}
      propertyPath: m_LocalPosition.y
      value: 0.5250012
      objectReference: {fileID: 0}
    - target: {fileID: -8679921383154817045, guid: ce20a94545fdb7f44ba63e594a7e9776, type: 3}
      propertyPath: m_LocalPosition.z
      value: 44.58859
      objectReference: {fileID: 0}
    - target: {fileID: -8679921383154817045, guid: ce20a94545fdb7f44ba63e594a7e9776, type: 3}
      propertyPath: m_LocalRotation.w
      value: 1
      objectReference: {fileID: 0}
    - target: {fileID: -8679921383154817045, guid: ce20a94545fdb7f44ba63e594a7e9776, type: 3}
      propertyPath: m_LocalRotation.x
      value: 0
      objectReference: {fileID: 0}
    - target: {fileID: -8679921383154817045, guid: ce20a94545fdb7f44ba63e594a7e9776, type: 3}
      propertyPath: m_LocalRotation.y
      value: -0
      objectReference: {fileID: 0}
    - target: {fileID: -8679921383154817045, guid: ce20a94545fdb7f44ba63e594a7e9776, type: 3}
      propertyPath: m_LocalRotation.z
      value: -0
      objectReference: {fileID: 0}
    - target: {fileID: -8679921383154817045, guid: ce20a94545fdb7f44ba63e594a7e9776, type: 3}
      propertyPath: m_LocalEulerAnglesHint.x
      value: 0
      objectReference: {fileID: 0}
    - target: {fileID: -8679921383154817045, guid: ce20a94545fdb7f44ba63e594a7e9776, type: 3}
      propertyPath: m_LocalEulerAnglesHint.y
      value: 0
      objectReference: {fileID: 0}
    - target: {fileID: -8679921383154817045, guid: ce20a94545fdb7f44ba63e594a7e9776, type: 3}
      propertyPath: m_LocalEulerAnglesHint.z
      value: 0
      objectReference: {fileID: 0}
    - target: {fileID: -8636447282445227873, guid: ce20a94545fdb7f44ba63e594a7e9776, type: 3}
      propertyPath: m_IsActive
      value: 0
      objectReference: {fileID: 0}
    - target: {fileID: -8636447282445227873, guid: ce20a94545fdb7f44ba63e594a7e9776, type: 3}
      propertyPath: m_StaticEditorFlags
      value: 2147483647
      objectReference: {fileID: 0}
    - target: {fileID: -8478968334030243948, guid: ce20a94545fdb7f44ba63e594a7e9776, type: 3}
      propertyPath: m_StaticEditorFlags
      value: 2147483647
      objectReference: {fileID: 0}
    - target: {fileID: -8455448113817704010, guid: ce20a94545fdb7f44ba63e594a7e9776, type: 3}
      propertyPath: m_LocalPosition.x
      value: 0
      objectReference: {fileID: 0}
    - target: {fileID: -8455448113817704010, guid: ce20a94545fdb7f44ba63e594a7e9776, type: 3}
      propertyPath: m_LocalPosition.y
      value: 1.05
      objectReference: {fileID: 0}
    - target: {fileID: -8455448113817704010, guid: ce20a94545fdb7f44ba63e594a7e9776, type: 3}
      propertyPath: m_LocalPosition.z
      value: 0
      objectReference: {fileID: 0}
    - target: {fileID: -8455448113817704010, guid: ce20a94545fdb7f44ba63e594a7e9776, type: 3}
      propertyPath: m_LocalRotation.w
      value: 1
      objectReference: {fileID: 0}
    - target: {fileID: -8455448113817704010, guid: ce20a94545fdb7f44ba63e594a7e9776, type: 3}
      propertyPath: m_LocalRotation.y
      value: 0
      objectReference: {fileID: 0}
    - target: {fileID: -8455448113817704010, guid: ce20a94545fdb7f44ba63e594a7e9776, type: 3}
      propertyPath: m_LocalRotation.z
      value: 0
      objectReference: {fileID: 0}
    - target: {fileID: -8449250425332886916, guid: ce20a94545fdb7f44ba63e594a7e9776, type: 3}
      propertyPath: m_ReceiveGI
      value: 2
      objectReference: {fileID: 0}
    - target: {fileID: -8449250425332886916, guid: ce20a94545fdb7f44ba63e594a7e9776, type: 3}
      propertyPath: m_Materials.Array.data[0]
      value: 
      objectReference: {fileID: 2100000, guid: 74ba49f70225dec46ac1d28e4f7d1261, type: 2}
    - target: {fileID: -8288008693466002581, guid: ce20a94545fdb7f44ba63e594a7e9776, type: 3}
      propertyPath: m_StaticEditorFlags
      value: 2147483647
      objectReference: {fileID: 0}
    - target: {fileID: -7721076527638082780, guid: ce20a94545fdb7f44ba63e594a7e9776, type: 3}
      propertyPath: m_LocalScale.x
      value: 0.82322
      objectReference: {fileID: 0}
    - target: {fileID: -7721076527638082780, guid: ce20a94545fdb7f44ba63e594a7e9776, type: 3}
      propertyPath: m_LocalScale.y
      value: 0.82322
      objectReference: {fileID: 0}
    - target: {fileID: -7721076527638082780, guid: ce20a94545fdb7f44ba63e594a7e9776, type: 3}
      propertyPath: m_LocalScale.z
      value: 0.82322
      objectReference: {fileID: 0}
    - target: {fileID: -7651902829020301772, guid: ce20a94545fdb7f44ba63e594a7e9776, type: 3}
      propertyPath: m_StaticEditorFlags
      value: 2147483647
      objectReference: {fileID: 0}
    - target: {fileID: -7457828208957028709, guid: ce20a94545fdb7f44ba63e594a7e9776, type: 3}
      propertyPath: m_StaticEditorFlags
      value: 2147483647
      objectReference: {fileID: 0}
    - target: {fileID: -7353053560299795929, guid: ce20a94545fdb7f44ba63e594a7e9776, type: 3}
      propertyPath: m_ReceiveGI
      value: 2
      objectReference: {fileID: 0}
    - target: {fileID: -7353053560299795929, guid: ce20a94545fdb7f44ba63e594a7e9776, type: 3}
      propertyPath: m_Materials.Array.data[0]
      value: 
      objectReference: {fileID: 2100000, guid: e16620ede36d4d94e989ad70fd05e6ab, type: 2}
    - target: {fileID: -7246458919993919435, guid: ce20a94545fdb7f44ba63e594a7e9776, type: 3}
      propertyPath: m_IsActive
      value: 0
      objectReference: {fileID: 0}
    - target: {fileID: -7246458919993919435, guid: ce20a94545fdb7f44ba63e594a7e9776, type: 3}
      propertyPath: m_StaticEditorFlags
      value: 2147483647
      objectReference: {fileID: 0}
    - target: {fileID: -7197000467427143639, guid: ce20a94545fdb7f44ba63e594a7e9776, type: 3}
      propertyPath: m_LocalPosition.y
      value: -0.04
      objectReference: {fileID: 0}
    - target: {fileID: -6909572798956798135, guid: ce20a94545fdb7f44ba63e594a7e9776, type: 3}
      propertyPath: m_StaticEditorFlags
      value: 2147483647
      objectReference: {fileID: 0}
    - target: {fileID: -6744790009250606627, guid: ce20a94545fdb7f44ba63e594a7e9776, type: 3}
      propertyPath: m_StaticEditorFlags
      value: 2147483647
      objectReference: {fileID: 0}
    - target: {fileID: -6730199591157188837, guid: ce20a94545fdb7f44ba63e594a7e9776, type: 3}
      propertyPath: m_Mesh
      value: 
      objectReference: {fileID: 10210, guid: 0000000000000000e000000000000000, type: 0}
    - target: {fileID: -6287605564448177464, guid: ce20a94545fdb7f44ba63e594a7e9776, type: 3}
      propertyPath: m_StaticEditorFlags
      value: 2147483647
      objectReference: {fileID: 0}
    - target: {fileID: -6151194885725244073, guid: ce20a94545fdb7f44ba63e594a7e9776, type: 3}
      propertyPath: m_StaticEditorFlags
      value: 2147483647
      objectReference: {fileID: 0}
    - target: {fileID: -6017810131371848556, guid: ce20a94545fdb7f44ba63e594a7e9776, type: 3}
      propertyPath: m_LocalScale.x
      value: 1.9240917
      objectReference: {fileID: 0}
    - target: {fileID: -6017810131371848556, guid: ce20a94545fdb7f44ba63e594a7e9776, type: 3}
      propertyPath: m_LocalScale.y
      value: 0.8308003
      objectReference: {fileID: 0}
    - target: {fileID: -6017810131371848556, guid: ce20a94545fdb7f44ba63e594a7e9776, type: 3}
      propertyPath: m_LocalScale.z
      value: 1.5618895
      objectReference: {fileID: 0}
    - target: {fileID: -6017810131371848556, guid: ce20a94545fdb7f44ba63e594a7e9776, type: 3}
      propertyPath: m_LocalPosition.z
      value: -50.65
      objectReference: {fileID: 0}
    - target: {fileID: -5991090825489676309, guid: ce20a94545fdb7f44ba63e594a7e9776, type: 3}
      propertyPath: m_IsActive
      value: 0
      objectReference: {fileID: 0}
    - target: {fileID: -5991090825489676309, guid: ce20a94545fdb7f44ba63e594a7e9776, type: 3}
      propertyPath: m_StaticEditorFlags
      value: 2147483647
      objectReference: {fileID: 0}
    - target: {fileID: -5967607479949884453, guid: ce20a94545fdb7f44ba63e594a7e9776, type: 3}
      propertyPath: m_StaticEditorFlags
      value: 2147483647
      objectReference: {fileID: 0}
    - target: {fileID: -5962228984257365813, guid: ce20a94545fdb7f44ba63e594a7e9776, type: 3}
      propertyPath: m_StaticEditorFlags
      value: 2147483647
      objectReference: {fileID: 0}
    - target: {fileID: -5802094044811453509, guid: ce20a94545fdb7f44ba63e594a7e9776, type: 3}
      propertyPath: m_LocalScale.y
      value: 1.2006
      objectReference: {fileID: 0}
    - target: {fileID: -5802094044811453509, guid: ce20a94545fdb7f44ba63e594a7e9776, type: 3}
      propertyPath: m_LocalPosition.x
      value: 0
      objectReference: {fileID: 0}
    - target: {fileID: -5802094044811453509, guid: ce20a94545fdb7f44ba63e594a7e9776, type: 3}
      propertyPath: m_LocalPosition.y
      value: -0.041
      objectReference: {fileID: 0}
    - target: {fileID: -5802094044811453509, guid: ce20a94545fdb7f44ba63e594a7e9776, type: 3}
      propertyPath: m_LocalPosition.z
      value: 0.017
      objectReference: {fileID: 0}
    - target: {fileID: -5479509870766257275, guid: ce20a94545fdb7f44ba63e594a7e9776, type: 3}
      propertyPath: m_StaticEditorFlags
      value: 2147483647
      objectReference: {fileID: 0}
    - target: {fileID: -5293122447057177117, guid: ce20a94545fdb7f44ba63e594a7e9776, type: 3}
      propertyPath: m_ReceiveGI
      value: 2
      objectReference: {fileID: 0}
    - target: {fileID: -5139286724111408899, guid: ce20a94545fdb7f44ba63e594a7e9776, type: 3}
      propertyPath: m_StaticEditorFlags
      value: 2147483647
      objectReference: {fileID: 0}
    - target: {fileID: -4881022334077941565, guid: ce20a94545fdb7f44ba63e594a7e9776, type: 3}
      propertyPath: m_StaticEditorFlags
      value: 2147483647
      objectReference: {fileID: 0}
    - target: {fileID: -4721691840750733462, guid: ce20a94545fdb7f44ba63e594a7e9776, type: 3}
      propertyPath: m_StaticEditorFlags
      value: 2147483647
      objectReference: {fileID: 0}
    - target: {fileID: -4600294838769491101, guid: ce20a94545fdb7f44ba63e594a7e9776, type: 3}
      propertyPath: m_StaticEditorFlags
      value: 2147483647
      objectReference: {fileID: 0}
    - target: {fileID: -4593072690614663730, guid: ce20a94545fdb7f44ba63e594a7e9776, type: 3}
      propertyPath: m_StaticEditorFlags
      value: 2147483647
      objectReference: {fileID: 0}
    - target: {fileID: -4491617027235540899, guid: ce20a94545fdb7f44ba63e594a7e9776, type: 3}
      propertyPath: m_StaticEditorFlags
      value: 2147483647
      objectReference: {fileID: 0}
    - target: {fileID: -4426095874096782758, guid: ce20a94545fdb7f44ba63e594a7e9776, type: 3}
      propertyPath: m_StaticEditorFlags
      value: 2147483647
      objectReference: {fileID: 0}
    - target: {fileID: -4382509822344618951, guid: ce20a94545fdb7f44ba63e594a7e9776, type: 3}
      propertyPath: m_StaticEditorFlags
      value: 2147483647
      objectReference: {fileID: 0}
    - target: {fileID: -4340786669769576266, guid: ce20a94545fdb7f44ba63e594a7e9776, type: 3}
      propertyPath: m_ReceiveGI
      value: 2
      objectReference: {fileID: 0}
    - target: {fileID: -4178698321753903518, guid: ce20a94545fdb7f44ba63e594a7e9776, type: 3}
      propertyPath: m_StaticEditorFlags
      value: 2147483647
      objectReference: {fileID: 0}
    - target: {fileID: -4172066939110938411, guid: ce20a94545fdb7f44ba63e594a7e9776, type: 3}
      propertyPath: m_LocalScale.x
      value: 1.373494
      objectReference: {fileID: 0}
    - target: {fileID: -4172066939110938411, guid: ce20a94545fdb7f44ba63e594a7e9776, type: 3}
      propertyPath: m_LocalScale.y
      value: 1.373494
      objectReference: {fileID: 0}
    - target: {fileID: -4172066939110938411, guid: ce20a94545fdb7f44ba63e594a7e9776, type: 3}
      propertyPath: m_LocalScale.z
      value: 1.373494
      objectReference: {fileID: 0}
    - target: {fileID: -4172066939110938411, guid: ce20a94545fdb7f44ba63e594a7e9776, type: 3}
      propertyPath: m_LocalPosition.x
      value: -0.98
      objectReference: {fileID: 0}
    - target: {fileID: -4172066939110938411, guid: ce20a94545fdb7f44ba63e594a7e9776, type: 3}
      propertyPath: m_LocalPosition.y
      value: -0.58
      objectReference: {fileID: 0}
    - target: {fileID: -4172066939110938411, guid: ce20a94545fdb7f44ba63e594a7e9776, type: 3}
      propertyPath: m_LocalPosition.z
      value: -35.65
      objectReference: {fileID: 0}
    - target: {fileID: -4172066939110938411, guid: ce20a94545fdb7f44ba63e594a7e9776, type: 3}
      propertyPath: m_LocalRotation.w
      value: 0.9857758
      objectReference: {fileID: 0}
    - target: {fileID: -4172066939110938411, guid: ce20a94545fdb7f44ba63e594a7e9776, type: 3}
      propertyPath: m_LocalRotation.x
      value: -0
      objectReference: {fileID: 0}
    - target: {fileID: -4172066939110938411, guid: ce20a94545fdb7f44ba63e594a7e9776, type: 3}
      propertyPath: m_LocalRotation.y
      value: 0.16806561
      objectReference: {fileID: 0}
    - target: {fileID: -4172066939110938411, guid: ce20a94545fdb7f44ba63e594a7e9776, type: 3}
      propertyPath: m_LocalEulerAnglesHint.y
      value: 19.351
      objectReference: {fileID: 0}
    - target: {fileID: -3744030347279236078, guid: ce20a94545fdb7f44ba63e594a7e9776, type: 3}
      propertyPath: m_LocalScale.x
      value: 115.82013
      objectReference: {fileID: 0}
    - target: {fileID: -3744030347279236078, guid: ce20a94545fdb7f44ba63e594a7e9776, type: 3}
      propertyPath: m_LocalScale.y
      value: 47.84993
      objectReference: {fileID: 0}
    - target: {fileID: -3744030347279236078, guid: ce20a94545fdb7f44ba63e594a7e9776, type: 3}
      propertyPath: m_LocalScale.z
      value: 66.08852
      objectReference: {fileID: 0}
    - target: {fileID: -3744030347279236078, guid: ce20a94545fdb7f44ba63e594a7e9776, type: 3}
      propertyPath: m_LocalPosition.y
      value: 8.5
      objectReference: {fileID: 0}
    - target: {fileID: -3744030347279236078, guid: ce20a94545fdb7f44ba63e594a7e9776, type: 3}
      propertyPath: m_LocalPosition.z
      value: 48
      objectReference: {fileID: 0}
    - target: {fileID: -3702288052115248158, guid: ce20a94545fdb7f44ba63e594a7e9776, type: 3}
      propertyPath: m_StaticEditorFlags
      value: 2147483647
      objectReference: {fileID: 0}
    - target: {fileID: -3698382904571415409, guid: ce20a94545fdb7f44ba63e594a7e9776, type: 3}
      propertyPath: m_StaticEditorFlags
      value: 2147483647
      objectReference: {fileID: 0}
    - target: {fileID: -3320136937589719195, guid: ce20a94545fdb7f44ba63e594a7e9776, type: 3}
      propertyPath: m_StaticEditorFlags
      value: 2147483647
      objectReference: {fileID: 0}
    - target: {fileID: -2839495465983179137, guid: ce20a94545fdb7f44ba63e594a7e9776, type: 3}
      propertyPath: m_StaticEditorFlags
      value: 2147483647
      objectReference: {fileID: 0}
    - target: {fileID: -2721946350999098521, guid: ce20a94545fdb7f44ba63e594a7e9776, type: 3}
      propertyPath: m_StaticEditorFlags
      value: 2147483647
      objectReference: {fileID: 0}
    - target: {fileID: -2659867775634839513, guid: ce20a94545fdb7f44ba63e594a7e9776, type: 3}
      propertyPath: m_IsActive
      value: 0
      objectReference: {fileID: 0}
    - target: {fileID: -2659867775634839513, guid: ce20a94545fdb7f44ba63e594a7e9776, type: 3}
      propertyPath: m_StaticEditorFlags
      value: 2147483647
      objectReference: {fileID: 0}
    - target: {fileID: -2621858889260862125, guid: ce20a94545fdb7f44ba63e594a7e9776, type: 3}
      propertyPath: m_StaticEditorFlags
      value: 2147483647
      objectReference: {fileID: 0}
    - target: {fileID: -2574745041598508226, guid: ce20a94545fdb7f44ba63e594a7e9776, type: 3}
      propertyPath: m_StaticEditorFlags
      value: 2147483647
      objectReference: {fileID: 0}
    - target: {fileID: -2536463204390838199, guid: ce20a94545fdb7f44ba63e594a7e9776, type: 3}
      propertyPath: m_IsActive
      value: 0
      objectReference: {fileID: 0}
    - target: {fileID: -2536463204390838199, guid: ce20a94545fdb7f44ba63e594a7e9776, type: 3}
      propertyPath: m_StaticEditorFlags
      value: 2147483647
      objectReference: {fileID: 0}
    - target: {fileID: -1792779624777983200, guid: ce20a94545fdb7f44ba63e594a7e9776, type: 3}
      propertyPath: m_StaticEditorFlags
      value: 2147483647
      objectReference: {fileID: 0}
    - target: {fileID: -1786147335999460876, guid: ce20a94545fdb7f44ba63e594a7e9776, type: 3}
      propertyPath: m_Enabled
      value: 1
      objectReference: {fileID: 0}
    - target: {fileID: -1492990005782104482, guid: ce20a94545fdb7f44ba63e594a7e9776, type: 3}
      propertyPath: m_StaticEditorFlags
      value: 2147483647
      objectReference: {fileID: 0}
    - target: {fileID: -1420746997888996359, guid: ce20a94545fdb7f44ba63e594a7e9776, type: 3}
      propertyPath: m_StaticEditorFlags
      value: 2147483647
      objectReference: {fileID: 0}
    - target: {fileID: -1318715003267712898, guid: ce20a94545fdb7f44ba63e594a7e9776, type: 3}
      propertyPath: m_StaticEditorFlags
      value: 2147483647
      objectReference: {fileID: 0}
    - target: {fileID: -1060815747900346381, guid: ce20a94545fdb7f44ba63e594a7e9776, type: 3}
      propertyPath: m_StaticEditorFlags
      value: 2147483647
      objectReference: {fileID: 0}
    - target: {fileID: -999395317708715981, guid: ce20a94545fdb7f44ba63e594a7e9776, type: 3}
      propertyPath: m_StaticEditorFlags
      value: 2147483647
      objectReference: {fileID: 0}
    - target: {fileID: -991753294825994103, guid: ce20a94545fdb7f44ba63e594a7e9776, type: 3}
      propertyPath: m_StaticEditorFlags
      value: 2147483647
      objectReference: {fileID: 0}
    - target: {fileID: -606621179048910913, guid: ce20a94545fdb7f44ba63e594a7e9776, type: 3}
      propertyPath: m_ReceiveGI
      value: 2
      objectReference: {fileID: 0}
    - target: {fileID: -535382441042459154, guid: ce20a94545fdb7f44ba63e594a7e9776, type: 3}
      propertyPath: m_IsActive
      value: 0
      objectReference: {fileID: 0}
    - target: {fileID: -535382441042459154, guid: ce20a94545fdb7f44ba63e594a7e9776, type: 3}
      propertyPath: m_StaticEditorFlags
      value: 2147483647
      objectReference: {fileID: 0}
    - target: {fileID: -495049625826205014, guid: ce20a94545fdb7f44ba63e594a7e9776, type: 3}
      propertyPath: m_StaticEditorFlags
      value: 2147483647
      objectReference: {fileID: 0}
    - target: {fileID: -488221920773075599, guid: ce20a94545fdb7f44ba63e594a7e9776, type: 3}
      propertyPath: m_IsActive
      value: 0
      objectReference: {fileID: 0}
    - target: {fileID: -488221920773075599, guid: ce20a94545fdb7f44ba63e594a7e9776, type: 3}
      propertyPath: m_StaticEditorFlags
      value: 2147483647
      objectReference: {fileID: 0}
    - target: {fileID: -407735103873138768, guid: ce20a94545fdb7f44ba63e594a7e9776, type: 3}
      propertyPath: m_LocalPosition.x
      value: 0
      objectReference: {fileID: 0}
    - target: {fileID: -407735103873138768, guid: ce20a94545fdb7f44ba63e594a7e9776, type: 3}
      propertyPath: m_LocalPosition.y
      value: -0.159
      objectReference: {fileID: 0}
    - target: {fileID: -407735103873138768, guid: ce20a94545fdb7f44ba63e594a7e9776, type: 3}
      propertyPath: m_LocalPosition.z
      value: 0.017
      objectReference: {fileID: 0}
    - target: {fileID: -327684679054378309, guid: ce20a94545fdb7f44ba63e594a7e9776, type: 3}
      propertyPath: m_IsActive
      value: 0
      objectReference: {fileID: 0}
    - target: {fileID: -327684679054378309, guid: ce20a94545fdb7f44ba63e594a7e9776, type: 3}
      propertyPath: m_StaticEditorFlags
      value: 2147483647
      objectReference: {fileID: 0}
    - target: {fileID: -308912010191038393, guid: ce20a94545fdb7f44ba63e594a7e9776, type: 3}
      propertyPath: m_StaticEditorFlags
      value: 2147483647
      objectReference: {fileID: 0}
    - target: {fileID: -67090204489921557, guid: ce20a94545fdb7f44ba63e594a7e9776, type: 3}
      propertyPath: m_StaticEditorFlags
      value: 2147483647
      objectReference: {fileID: 0}
    - target: {fileID: 43960053073127024, guid: ce20a94545fdb7f44ba63e594a7e9776, type: 3}
      propertyPath: m_StaticEditorFlags
      value: 2147483647
      objectReference: {fileID: 0}
    - target: {fileID: 313317594299616206, guid: ce20a94545fdb7f44ba63e594a7e9776, type: 3}
      propertyPath: m_StaticEditorFlags
      value: 2147483647
      objectReference: {fileID: 0}
    - target: {fileID: 564921906536024988, guid: ce20a94545fdb7f44ba63e594a7e9776, type: 3}
      propertyPath: m_StaticEditorFlags
      value: 2147483647
      objectReference: {fileID: 0}
    - target: {fileID: 806305609271817231, guid: ce20a94545fdb7f44ba63e594a7e9776, type: 3}
      propertyPath: m_ReceiveGI
      value: 2
      objectReference: {fileID: 0}
    - target: {fileID: 806305609271817231, guid: ce20a94545fdb7f44ba63e594a7e9776, type: 3}
      propertyPath: m_Materials.Array.data[1]
      value: 
      objectReference: {fileID: 2100000, guid: d6f6a59db34041f4f8b1248479f0e34f, type: 2}
    - target: {fileID: 919132149155446097, guid: ce20a94545fdb7f44ba63e594a7e9776, type: 3}
      propertyPath: m_Name
      value: templeToken
      objectReference: {fileID: 0}
    - target: {fileID: 919132149155446097, guid: ce20a94545fdb7f44ba63e594a7e9776, type: 3}
      propertyPath: m_StaticEditorFlags
      value: 2147483647
      objectReference: {fileID: 0}
    - target: {fileID: 963570896319825893, guid: ce20a94545fdb7f44ba63e594a7e9776, type: 3}
      propertyPath: m_StaticEditorFlags
      value: 2147483647
      objectReference: {fileID: 0}
    - target: {fileID: 1325882498614393826, guid: ce20a94545fdb7f44ba63e594a7e9776, type: 3}
      propertyPath: m_StaticEditorFlags
      value: 2147483647
      objectReference: {fileID: 0}
    - target: {fileID: 1361253392246304679, guid: ce20a94545fdb7f44ba63e594a7e9776, type: 3}
      propertyPath: m_StaticEditorFlags
      value: 2147483647
      objectReference: {fileID: 0}
    - target: {fileID: 1659771256720526711, guid: ce20a94545fdb7f44ba63e594a7e9776, type: 3}
      propertyPath: m_StaticEditorFlags
      value: 2147483647
      objectReference: {fileID: 0}
    - target: {fileID: 1882882179234073710, guid: ce20a94545fdb7f44ba63e594a7e9776, type: 3}
      propertyPath: m_StaticEditorFlags
      value: 2147483647
      objectReference: {fileID: 0}
    - target: {fileID: 2250660300427914567, guid: ce20a94545fdb7f44ba63e594a7e9776, type: 3}
      propertyPath: m_StaticEditorFlags
      value: 2147483647
      objectReference: {fileID: 0}
    - target: {fileID: 2369555613815665855, guid: ce20a94545fdb7f44ba63e594a7e9776, type: 3}
      propertyPath: m_ReceiveGI
      value: 2
      objectReference: {fileID: 0}
    - target: {fileID: 2372785801441097542, guid: ce20a94545fdb7f44ba63e594a7e9776, type: 3}
      propertyPath: m_IsActive
      value: 0
      objectReference: {fileID: 0}
    - target: {fileID: 2372785801441097542, guid: ce20a94545fdb7f44ba63e594a7e9776, type: 3}
      propertyPath: m_StaticEditorFlags
      value: 2147483647
      objectReference: {fileID: 0}
    - target: {fileID: 2654072471446879756, guid: ce20a94545fdb7f44ba63e594a7e9776, type: 3}
      propertyPath: m_IsActive
      value: 0
      objectReference: {fileID: 0}
    - target: {fileID: 2654072471446879756, guid: ce20a94545fdb7f44ba63e594a7e9776, type: 3}
      propertyPath: m_StaticEditorFlags
      value: 2147483647
      objectReference: {fileID: 0}
    - target: {fileID: 2668488315031405056, guid: ce20a94545fdb7f44ba63e594a7e9776, type: 3}
      propertyPath: m_LocalPosition.x
      value: 0
      objectReference: {fileID: 0}
    - target: {fileID: 2668488315031405056, guid: ce20a94545fdb7f44ba63e594a7e9776, type: 3}
      propertyPath: m_LocalPosition.y
      value: -0.040000025
      objectReference: {fileID: 0}
    - target: {fileID: 2674794194625458154, guid: ce20a94545fdb7f44ba63e594a7e9776, type: 3}
      propertyPath: m_StaticEditorFlags
      value: 2147483647
      objectReference: {fileID: 0}
    - target: {fileID: 2684341609628672896, guid: ce20a94545fdb7f44ba63e594a7e9776, type: 3}
      propertyPath: m_StaticEditorFlags
      value: 2147483647
      objectReference: {fileID: 0}
    - target: {fileID: 2933472185674644385, guid: ce20a94545fdb7f44ba63e594a7e9776, type: 3}
      propertyPath: m_StaticEditorFlags
      value: 2147483647
      objectReference: {fileID: 0}
    - target: {fileID: 3227159172775710073, guid: ce20a94545fdb7f44ba63e594a7e9776, type: 3}
      propertyPath: m_StaticEditorFlags
      value: 2147483647
      objectReference: {fileID: 0}
    - target: {fileID: 3548069160475289886, guid: ce20a94545fdb7f44ba63e594a7e9776, type: 3}
      propertyPath: m_IsActive
      value: 0
      objectReference: {fileID: 0}
    - target: {fileID: 3548069160475289886, guid: ce20a94545fdb7f44ba63e594a7e9776, type: 3}
      propertyPath: m_StaticEditorFlags
      value: 2147483647
      objectReference: {fileID: 0}
    - target: {fileID: 3567735802377207145, guid: ce20a94545fdb7f44ba63e594a7e9776, type: 3}
      propertyPath: m_LocalPosition.x
      value: 0.011
      objectReference: {fileID: 0}
    - target: {fileID: 3567735802377207145, guid: ce20a94545fdb7f44ba63e594a7e9776, type: 3}
      propertyPath: m_LocalPosition.y
      value: -0.159
      objectReference: {fileID: 0}
    - target: {fileID: 3567735802377207145, guid: ce20a94545fdb7f44ba63e594a7e9776, type: 3}
      propertyPath: m_LocalPosition.z
      value: 0.013
      objectReference: {fileID: 0}
    - target: {fileID: 3651623679166305669, guid: ce20a94545fdb7f44ba63e594a7e9776, type: 3}
      propertyPath: m_StaticEditorFlags
      value: 2147483647
      objectReference: {fileID: 0}
    - target: {fileID: 3764183452173434616, guid: ce20a94545fdb7f44ba63e594a7e9776, type: 3}
      propertyPath: m_StaticEditorFlags
      value: 2147483647
      objectReference: {fileID: 0}
    - target: {fileID: 3798234283349001797, guid: ce20a94545fdb7f44ba63e594a7e9776, type: 3}
      propertyPath: m_StaticEditorFlags
      value: 2147483647
      objectReference: {fileID: 0}
    - target: {fileID: 3898933102798699994, guid: ce20a94545fdb7f44ba63e594a7e9776, type: 3}
      propertyPath: m_StaticEditorFlags
      value: 2147483647
      objectReference: {fileID: 0}
    - target: {fileID: 4673954139765309307, guid: ce20a94545fdb7f44ba63e594a7e9776, type: 3}
      propertyPath: m_StaticEditorFlags
      value: 2147483647
      objectReference: {fileID: 0}
    - target: {fileID: 4952942575363952993, guid: ce20a94545fdb7f44ba63e594a7e9776, type: 3}
      propertyPath: m_ReceiveGI
      value: 2
      objectReference: {fileID: 0}
    - target: {fileID: 4966030191390265676, guid: ce20a94545fdb7f44ba63e594a7e9776, type: 3}
      propertyPath: m_IsActive
      value: 0
      objectReference: {fileID: 0}
    - target: {fileID: 4966030191390265676, guid: ce20a94545fdb7f44ba63e594a7e9776, type: 3}
      propertyPath: m_StaticEditorFlags
      value: 2147483647
      objectReference: {fileID: 0}
    - target: {fileID: 5023609779184221464, guid: ce20a94545fdb7f44ba63e594a7e9776, type: 3}
      propertyPath: m_IsActive
      value: 0
      objectReference: {fileID: 0}
    - target: {fileID: 5023609779184221464, guid: ce20a94545fdb7f44ba63e594a7e9776, type: 3}
      propertyPath: m_StaticEditorFlags
      value: 2147483647
      objectReference: {fileID: 0}
    - target: {fileID: 5270583155393428808, guid: ce20a94545fdb7f44ba63e594a7e9776, type: 3}
      propertyPath: m_LocalScale.y
      value: 1.2006
      objectReference: {fileID: 0}
    - target: {fileID: 5270583155393428808, guid: ce20a94545fdb7f44ba63e594a7e9776, type: 3}
      propertyPath: m_LocalPosition.x
      value: 0.011
      objectReference: {fileID: 0}
    - target: {fileID: 5270583155393428808, guid: ce20a94545fdb7f44ba63e594a7e9776, type: 3}
      propertyPath: m_LocalPosition.y
      value: -0.041
      objectReference: {fileID: 0}
    - target: {fileID: 5270583155393428808, guid: ce20a94545fdb7f44ba63e594a7e9776, type: 3}
      propertyPath: m_LocalPosition.z
      value: 0.013
      objectReference: {fileID: 0}
    - target: {fileID: 5361644221442183994, guid: ce20a94545fdb7f44ba63e594a7e9776, type: 3}
      propertyPath: m_StaticEditorFlags
      value: 2147483647
      objectReference: {fileID: 0}
    - target: {fileID: 5761054114350650788, guid: ce20a94545fdb7f44ba63e594a7e9776, type: 3}
      propertyPath: m_StaticEditorFlags
      value: 2147483647
      objectReference: {fileID: 0}
    - target: {fileID: 5844854291130727926, guid: ce20a94545fdb7f44ba63e594a7e9776, type: 3}
      propertyPath: m_StaticEditorFlags
      value: 2147483647
      objectReference: {fileID: 0}
    - target: {fileID: 5912231675994093161, guid: ce20a94545fdb7f44ba63e594a7e9776, type: 3}
      propertyPath: m_IsActive
      value: 0
      objectReference: {fileID: 0}
    - target: {fileID: 5912231675994093161, guid: ce20a94545fdb7f44ba63e594a7e9776, type: 3}
      propertyPath: m_StaticEditorFlags
      value: 2147483647
      objectReference: {fileID: 0}
    - target: {fileID: 6097790181738076003, guid: ce20a94545fdb7f44ba63e594a7e9776, type: 3}
      propertyPath: m_ReceiveGI
      value: 2
      objectReference: {fileID: 0}
    - target: {fileID: 6097790181738076003, guid: ce20a94545fdb7f44ba63e594a7e9776, type: 3}
      propertyPath: m_ReceiveShadows
      value: 1
      objectReference: {fileID: 0}
    - target: {fileID: 6097790181738076003, guid: ce20a94545fdb7f44ba63e594a7e9776, type: 3}
      propertyPath: m_Materials.Array.data[0]
      value: 
      objectReference: {fileID: 2100000, guid: ad56cb4c8fa973d459b44f97637e57e2, type: 2}
    - target: {fileID: 6120362163992679914, guid: ce20a94545fdb7f44ba63e594a7e9776, type: 3}
      propertyPath: m_ReceiveGI
      value: 2
      objectReference: {fileID: 0}
    - target: {fileID: 6120362163992679914, guid: ce20a94545fdb7f44ba63e594a7e9776, type: 3}
      propertyPath: m_CastShadows
      value: 0
      objectReference: {fileID: 0}
    - target: {fileID: 6120362163992679914, guid: ce20a94545fdb7f44ba63e594a7e9776, type: 3}
      propertyPath: m_ReceiveShadows
      value: 0
      objectReference: {fileID: 0}
    - target: {fileID: 6120362163992679914, guid: ce20a94545fdb7f44ba63e594a7e9776, type: 3}
      propertyPath: m_Materials.Array.data[0]
      value: 
      objectReference: {fileID: 2100000, guid: f678caf8e7686d44187c60a08089360f, type: 2}
    - target: {fileID: 6139763594025235352, guid: ce20a94545fdb7f44ba63e594a7e9776, type: 3}
      propertyPath: m_LocalPosition.x
      value: 0
      objectReference: {fileID: 0}
    - target: {fileID: 6139763594025235352, guid: ce20a94545fdb7f44ba63e594a7e9776, type: 3}
      propertyPath: m_LocalPosition.y
      value: -0
      objectReference: {fileID: 0}
    - target: {fileID: 6139763594025235352, guid: ce20a94545fdb7f44ba63e594a7e9776, type: 3}
      propertyPath: m_LocalPosition.z
      value: 0
      objectReference: {fileID: 0}
    - target: {fileID: 6206604184386876522, guid: ce20a94545fdb7f44ba63e594a7e9776, type: 3}
      propertyPath: m_StaticEditorFlags
      value: 2147483647
      objectReference: {fileID: 0}
    - target: {fileID: 6275483365369231504, guid: ce20a94545fdb7f44ba63e594a7e9776, type: 3}
      propertyPath: m_StaticEditorFlags
      value: 2147483647
      objectReference: {fileID: 0}
    - target: {fileID: 6583037996414675605, guid: ce20a94545fdb7f44ba63e594a7e9776, type: 3}
      propertyPath: m_StaticEditorFlags
      value: 2147483647
      objectReference: {fileID: 0}
    - target: {fileID: 6631759609316911610, guid: ce20a94545fdb7f44ba63e594a7e9776, type: 3}
      propertyPath: m_IsActive
      value: 0
      objectReference: {fileID: 0}
    - target: {fileID: 6631759609316911610, guid: ce20a94545fdb7f44ba63e594a7e9776, type: 3}
      propertyPath: m_StaticEditorFlags
      value: 2147483647
      objectReference: {fileID: 0}
    - target: {fileID: 6806283494879078268, guid: ce20a94545fdb7f44ba63e594a7e9776, type: 3}
      propertyPath: m_IsActive
      value: 0
      objectReference: {fileID: 0}
    - target: {fileID: 6806283494879078268, guid: ce20a94545fdb7f44ba63e594a7e9776, type: 3}
      propertyPath: m_StaticEditorFlags
      value: 2147483647
      objectReference: {fileID: 0}
    - target: {fileID: 6866333784690554821, guid: ce20a94545fdb7f44ba63e594a7e9776, type: 3}
      propertyPath: m_StaticEditorFlags
      value: 2147483647
      objectReference: {fileID: 0}
    - target: {fileID: 7170128587064565779, guid: ce20a94545fdb7f44ba63e594a7e9776, type: 3}
      propertyPath: m_StaticEditorFlags
      value: 2147483647
      objectReference: {fileID: 0}
    - target: {fileID: 7321386633048208813, guid: ce20a94545fdb7f44ba63e594a7e9776, type: 3}
      propertyPath: m_LocalScale.x
      value: 0.975
      objectReference: {fileID: 0}
    - target: {fileID: 7321386633048208813, guid: ce20a94545fdb7f44ba63e594a7e9776, type: 3}
      propertyPath: m_LocalPosition.x
      value: 0.07
      objectReference: {fileID: 0}
    - target: {fileID: 7321386633048208813, guid: ce20a94545fdb7f44ba63e594a7e9776, type: 3}
      propertyPath: m_LocalPosition.z
      value: -0.26
      objectReference: {fileID: 0}
    - target: {fileID: 7639316514000981607, guid: ce20a94545fdb7f44ba63e594a7e9776, type: 3}
      propertyPath: m_StaticEditorFlags
      value: 2147483647
      objectReference: {fileID: 0}
    - target: {fileID: 8005364163839436059, guid: ce20a94545fdb7f44ba63e594a7e9776, type: 3}
      propertyPath: m_IsActive
      value: 0
      objectReference: {fileID: 0}
    - target: {fileID: 8005364163839436059, guid: ce20a94545fdb7f44ba63e594a7e9776, type: 3}
      propertyPath: m_StaticEditorFlags
      value: 2147483647
      objectReference: {fileID: 0}
    - target: {fileID: 8107948367986630942, guid: ce20a94545fdb7f44ba63e594a7e9776, type: 3}
      propertyPath: m_IsActive
      value: 0
      objectReference: {fileID: 0}
    - target: {fileID: 8107948367986630942, guid: ce20a94545fdb7f44ba63e594a7e9776, type: 3}
      propertyPath: m_StaticEditorFlags
      value: 2147483647
      objectReference: {fileID: 0}
    - target: {fileID: 8312683544542857492, guid: ce20a94545fdb7f44ba63e594a7e9776, type: 3}
      propertyPath: m_ReceiveGI
      value: 2
      objectReference: {fileID: 0}
    - target: {fileID: 8350988033913789763, guid: ce20a94545fdb7f44ba63e594a7e9776, type: 3}
      propertyPath: m_StaticEditorFlags
      value: 2147483647
      objectReference: {fileID: 0}
    - target: {fileID: 8442451312337282603, guid: ce20a94545fdb7f44ba63e594a7e9776, type: 3}
      propertyPath: m_StaticEditorFlags
      value: 2147483647
      objectReference: {fileID: 0}
    - target: {fileID: 8522727954235680022, guid: ce20a94545fdb7f44ba63e594a7e9776, type: 3}
      propertyPath: m_StaticEditorFlags
      value: 2147483647
      objectReference: {fileID: 0}
    - target: {fileID: 8655622541357018110, guid: ce20a94545fdb7f44ba63e594a7e9776, type: 3}
      propertyPath: m_Enabled
      value: 1
      objectReference: {fileID: 0}
    - target: {fileID: 8691019246974733147, guid: ce20a94545fdb7f44ba63e594a7e9776, type: 3}
      propertyPath: m_IsActive
      value: 0
      objectReference: {fileID: 0}
    - target: {fileID: 8691019246974733147, guid: ce20a94545fdb7f44ba63e594a7e9776, type: 3}
      propertyPath: m_StaticEditorFlags
      value: 2147483647
      objectReference: {fileID: 0}
    - target: {fileID: 8837391758503052016, guid: ce20a94545fdb7f44ba63e594a7e9776, type: 3}
      propertyPath: m_StaticEditorFlags
      value: 2147483647
      objectReference: {fileID: 0}
    - target: {fileID: 8908787496405701198, guid: ce20a94545fdb7f44ba63e594a7e9776, type: 3}
      propertyPath: m_StaticEditorFlags
      value: 2147483647
      objectReference: {fileID: 0}
    - target: {fileID: 9072036263048603562, guid: ce20a94545fdb7f44ba63e594a7e9776, type: 3}
      propertyPath: m_StaticEditorFlags
      value: 2147483647
      objectReference: {fileID: 0}
    m_RemovedComponents: []
  m_SourcePrefab: {fileID: 100100000, guid: ce20a94545fdb7f44ba63e594a7e9776, type: 3}
--- !u!4 &4336513173014982745 stripped
Transform:
  m_CorrespondingSourceObject: {fileID: -8679921383154817045, guid: ce20a94545fdb7f44ba63e594a7e9776, type: 3}
  m_PrefabInstance: {fileID: 4297800446344517554}
  m_PrefabAsset: {fileID: 0}
