%YAML 1.1
%TAG !u! tag:unity3d.com,2011:
--- !u!29 &1
OcclusionCullingSettings:
  m_ObjectHideFlags: 0
  serializedVersion: 2
  m_OcclusionBakeSettings:
    smallestOccluder: 5
    smallestHole: 0.25
    backfaceThreshold: 100
  m_SceneGUID: 00000000000000000000000000000000
  m_OcclusionCullingData: {fileID: 0}
--- !u!104 &2
RenderSettings:
  m_ObjectHideFlags: 0
  serializedVersion: 9
  m_Fog: 0
  m_FogColor: {r: 0.5, g: 0.5, b: 0.5, a: 1}
  m_FogMode: 3
  m_FogDensity: 0.01
  m_LinearFogStart: 0
  m_LinearFogEnd: 300
  m_AmbientSkyColor: {r: 0.212, g: 0.227, b: 0.259, a: 1}
  m_AmbientEquatorColor: {r: 0.114, g: 0.125, b: 0.133, a: 1}
  m_AmbientGroundColor: {r: 0.047, g: 0.043, b: 0.035, a: 1}
  m_AmbientIntensity: 3.47
  m_AmbientMode: 0
  m_SubtractiveShadowColor: {r: 0.19326274, g: 0.19659442, b: 0.4056604, a: 1}
  m_SkyboxMaterial: {fileID: 2100000, guid: b61e44236b5fc9f46af46c2c45f87a3d, type: 2}
  m_HaloStrength: 0.5
  m_FlareStrength: 1
  m_FlareFadeSpeed: 3
  m_HaloTexture: {fileID: 0}
  m_SpotCookie: {fileID: 10001, guid: 0000000000000000e000000000000000, type: 0}
  m_DefaultReflectionMode: 0
  m_DefaultReflectionResolution: 1024
  m_ReflectionBounces: 2
  m_ReflectionIntensity: 1
  m_CustomReflection: {fileID: 0}
  m_Sun: {fileID: 920987436}
  m_IndirectSpecularColor: {r: 0.0016106053, g: 0.0018529884, b: 0.035012428, a: 1}
  m_UseRadianceAmbientProbe: 0
--- !u!157 &3
LightmapSettings:
  m_ObjectHideFlags: 0
  serializedVersion: 12
  m_GIWorkflowMode: 1
  m_GISettings:
    serializedVersion: 2
    m_BounceScale: 1
    m_IndirectOutputScale: 1
    m_AlbedoBoost: 1
    m_EnvironmentLightingMode: 0
    m_EnableBakedLightmaps: 1
    m_EnableRealtimeLightmaps: 0
  m_LightmapEditorSettings:
    serializedVersion: 12
    m_Resolution: 2
    m_BakeResolution: 40
    m_AtlasSize: 1024
    m_AO: 0
    m_AOMaxDistance: 1
    m_CompAOExponent: 1
    m_CompAOExponentDirect: 0
    m_ExtractAmbientOcclusion: 0
    m_Padding: 2
    m_LightmapParameters: {fileID: 0}
    m_LightmapsBakeMode: 1
    m_TextureCompression: 1
    m_FinalGather: 0
    m_FinalGatherFiltering: 1
    m_FinalGatherRayCount: 256
    m_ReflectionCompression: 2
    m_MixedBakeMode: 2
    m_BakeBackend: 1
    m_PVRSampling: 1
    m_PVRDirectSampleCount: 32
    m_PVRSampleCount: 500
    m_PVRBounces: 2
    m_PVREnvironmentSampleCount: 500
    m_PVREnvironmentReferencePointCount: 2048
    m_PVRFilteringMode: 2
    m_PVRDenoiserTypeDirect: 0
    m_PVRDenoiserTypeIndirect: 0
    m_PVRDenoiserTypeAO: 0
    m_PVRFilterTypeDirect: 0
    m_PVRFilterTypeIndirect: 0
    m_PVRFilterTypeAO: 0
    m_PVREnvironmentMIS: 0
    m_PVRCulling: 1
    m_PVRFilteringGaussRadiusDirect: 1
    m_PVRFilteringGaussRadiusIndirect: 5
    m_PVRFilteringGaussRadiusAO: 2
    m_PVRFilteringAtrousPositionSigmaDirect: 0.5
    m_PVRFilteringAtrousPositionSigmaIndirect: 2
    m_PVRFilteringAtrousPositionSigmaAO: 1
    m_ExportTrainingData: 0
    m_TrainingDataDestination: TrainingData
    m_LightProbeSampleCountMultiplier: 4
  m_LightingDataAsset: {fileID: 0}
  m_LightingSettings: {fileID: 4890085278179872738, guid: efb19d073c0c639468ca0b55d53ea457, type: 2}
--- !u!196 &4
NavMeshSettings:
  serializedVersion: 2
  m_ObjectHideFlags: 0
  m_BuildSettings:
    serializedVersion: 2
    agentTypeID: 0
    agentRadius: 0.5
    agentHeight: 2
    agentSlope: 45
    agentClimb: 0.4
    ledgeDropHeight: 0
    maxJumpAcrossDistance: 0
    minRegionArea: 2
    manualCellSize: 0
    cellSize: 0.16666667
    manualTileSize: 0
    tileSize: 256
    accuratePlacement: 0
    maxJobWorkers: 0
    preserveTilesOutsideBounds: 0
    debug:
      m_Flags: 0
  m_NavMeshData: {fileID: 0}
--- !u!1 &141889675
GameObject:
  m_ObjectHideFlags: 0
  m_CorrespondingSourceObject: {fileID: 0}
  m_PrefabInstance: {fileID: 0}
  m_PrefabAsset: {fileID: 0}
  serializedVersion: 6
  m_Component:
  - component: {fileID: 141889677}
  - component: {fileID: 141889676}
  m_Layer: 0
  m_Name: Reflection Probe
  m_TagString: Untagged
  m_Icon: {fileID: 0}
  m_NavMeshLayer: 0
  m_StaticEditorFlags: 0
  m_IsActive: 0
--- !u!215 &141889676
ReflectionProbe:
  m_ObjectHideFlags: 0
  m_CorrespondingSourceObject: {fileID: 0}
  m_PrefabInstance: {fileID: 0}
  m_PrefabAsset: {fileID: 0}
  m_GameObject: {fileID: 141889675}
  m_Enabled: 1
  serializedVersion: 2
  m_Type: 0
  m_Mode: 1
  m_RefreshMode: 0
  m_TimeSlicingMode: 0
  m_Resolution: 256
  m_UpdateFrequency: 0
  m_BoxSize: {x: 5000, y: 5000, z: 5000}
  m_BoxOffset: {x: 0, y: 0, z: 0}
  m_NearClip: 0.3
  m_FarClip: 1000
  m_ShadowDistance: 100
  m_ClearFlags: 1
  m_BackGroundColor: {r: 0.19215687, g: 0.3019608, b: 0.4745098, a: 0}
  m_CullingMask:
    serializedVersion: 2
    m_Bits: 4294967295
  m_IntensityMultiplier: 1
  m_BlendDistance: 1
  m_HDR: 1
  m_BoxProjection: 0
  m_RenderDynamicObjects: 0
  m_UseOcclusionCulling: 1
  m_Importance: 1
  m_CustomBakedTexture: {fileID: 0}
--- !u!4 &141889677
Transform:
  m_ObjectHideFlags: 0
  m_CorrespondingSourceObject: {fileID: 0}
  m_PrefabInstance: {fileID: 0}
  m_PrefabAsset: {fileID: 0}
  m_GameObject: {fileID: 141889675}
  m_LocalRotation: {x: 0, y: 0, z: 0, w: 1}
  m_LocalPosition: {x: -0.34, y: 3.39, z: -0.36}
  m_LocalScale: {x: 1, y: 1, z: 1}
  m_ConstrainProportionsScale: 0
  m_Children: []
  m_Father: {fileID: 0}
  m_RootOrder: 1
  m_LocalEulerAnglesHint: {x: 0, y: 0, z: 0}
--- !u!1 &493478923
GameObject:
  m_ObjectHideFlags: 0
  m_CorrespondingSourceObject: {fileID: 0}
  m_PrefabInstance: {fileID: 0}
  m_PrefabAsset: {fileID: 0}
  serializedVersion: 6
  m_Component:
  - component: {fileID: 493478927}
  - component: {fileID: 493478926}
  - component: {fileID: 493478925}
  - component: {fileID: 493478924}
  m_Layer: 0
  m_Name: CUBEPINK
  m_TagString: Untagged
  m_Icon: {fileID: 0}
  m_NavMeshLayer: 0
  m_StaticEditorFlags: 1
  m_IsActive: 0
--- !u!65 &493478924
BoxCollider:
  m_ObjectHideFlags: 0
  m_CorrespondingSourceObject: {fileID: 0}
  m_PrefabInstance: {fileID: 0}
  m_PrefabAsset: {fileID: 0}
  m_GameObject: {fileID: 493478923}
  m_Material: {fileID: 0}
  m_IsTrigger: 0
  m_Enabled: 1
  serializedVersion: 2
  m_Size: {x: 1, y: 1, z: 1}
  m_Center: {x: 0, y: 0, z: 0}
--- !u!23 &493478925
MeshRenderer:
  m_ObjectHideFlags: 0
  m_CorrespondingSourceObject: {fileID: 0}
  m_PrefabInstance: {fileID: 0}
  m_PrefabAsset: {fileID: 0}
  m_GameObject: {fileID: 493478923}
  m_Enabled: 1
  m_CastShadows: 0
  m_ReceiveShadows: 0
  m_DynamicOccludee: 1
  m_StaticShadowCaster: 0
  m_MotionVectors: 1
  m_LightProbeUsage: 1
  m_ReflectionProbeUsage: 1
  m_RayTracingMode: 2
  m_RayTraceProcedural: 0
  m_RenderingLayerMask: 1
  m_RendererPriority: 0
  m_Materials:
  - {fileID: 2100000, guid: d42ba4ecfba0f6c4ba92a987fea45a3c, type: 2}
  m_StaticBatchInfo:
    firstSubMesh: 0
    subMeshCount: 0
  m_StaticBatchRoot: {fileID: 0}
  m_ProbeAnchor: {fileID: 0}
  m_LightProbeVolumeOverride: {fileID: 0}
  m_ScaleInLightmap: 1
  m_ReceiveGI: 2
  m_PreserveUVs: 0
  m_IgnoreNormalsForChartDetection: 0
  m_ImportantGI: 0
  m_StitchLightmapSeams: 1
  m_SelectedEditorRenderState: 3
  m_MinimumChartSize: 4
  m_AutoUVMaxDistance: 0.5
  m_AutoUVMaxAngle: 89
  m_LightmapParameters: {fileID: 0}
  m_SortingLayerID: 0
  m_SortingLayer: 0
  m_SortingOrder: 0
  m_AdditionalVertexStreams: {fileID: 0}
--- !u!33 &493478926
MeshFilter:
  m_ObjectHideFlags: 0
  m_CorrespondingSourceObject: {fileID: 0}
  m_PrefabInstance: {fileID: 0}
  m_PrefabAsset: {fileID: 0}
  m_GameObject: {fileID: 493478923}
  m_Mesh: {fileID: 10202, guid: 0000000000000000e000000000000000, type: 0}
--- !u!4 &493478927
Transform:
  m_ObjectHideFlags: 0
  m_CorrespondingSourceObject: {fileID: 0}
  m_PrefabInstance: {fileID: 0}
  m_PrefabAsset: {fileID: 0}
  m_GameObject: {fileID: 493478923}
  m_LocalRotation: {x: -0.09911008, y: 0.5769219, z: 0.23994812, w: 0.7744438}
  m_LocalPosition: {x: 2.85, y: 2.6, z: 0.99}
  m_LocalScale: {x: 2.5924582, y: 2.5924582, z: 2.5924582}
  m_ConstrainProportionsScale: 0
  m_Children: []
  m_Father: {fileID: 0}
  m_RootOrder: 0
  m_LocalEulerAnglesHint: {x: -25.491, y: 69.597, z: 16.561}
--- !u!108 &920987436 stripped
Light:
  m_CorrespondingSourceObject: {fileID: 377742049435699502, guid: d7065327a1134c64598c932933c9215a, type: 3}
  m_PrefabInstance: {fileID: 7182338350367176853}
  m_PrefabAsset: {fileID: 0}
--- !u!1001 &7182338350367176853
PrefabInstance:
  m_ObjectHideFlags: 0
  serializedVersion: 2
  m_Modification:
    m_TransformParent: {fileID: 0}
    m_Modifications:
    - target: {fileID: 79812612429884933, guid: d7065327a1134c64598c932933c9215a, type: 3}
      propertyPath: m_Materials.Array.data[0]
      value: 
      objectReference: {fileID: 2100000, guid: e6a519416308ac64b87782e83d301c6e, type: 2}
    - target: {fileID: 377742049435699497, guid: d7065327a1134c64598c932933c9215a, type: 3}
      propertyPath: m_Name
      value: SunStadiumDay
      objectReference: {fileID: 0}
    - target: {fileID: 377742049435699502, guid: d7065327a1134c64598c932933c9215a, type: 3}
      propertyPath: m_Color.b
      value: 0.8915094
      objectReference: {fileID: 0}
    - target: {fileID: 377742049435699502, guid: d7065327a1134c64598c932933c9215a, type: 3}
      propertyPath: m_Color.g
      value: 0.99936694
      objectReference: {fileID: 0}
    - target: {fileID: 377742049435699502, guid: d7065327a1134c64598c932933c9215a, type: 3}
      propertyPath: m_Color.r
      value: 1
      objectReference: {fileID: 0}
    - target: {fileID: 377742049435699502, guid: d7065327a1134c64598c932933c9215a, type: 3}
      propertyPath: m_Intensity
      value: 2.49
      objectReference: {fileID: 0}
    - target: {fileID: 377742049435699502, guid: d7065327a1134c64598c932933c9215a, type: 3}
      propertyPath: m_Shadows.m_Strength
      value: 0.745
      objectReference: {fileID: 0}
    - target: {fileID: 377742049565651778, guid: d7065327a1134c64598c932933c9215a, type: 3}
      propertyPath: m_Materials.Array.data[0]
      value: 
      objectReference: {fileID: 2100000, guid: 778ccf4f05594ae47b5de5d334de04ab, type: 2}
    - target: {fileID: 377742049575732710, guid: d7065327a1134c64598c932933c9215a, type: 3}
      propertyPath: m_Materials.Array.data[0]
      value: 
      objectReference: {fileID: 2100000, guid: 778ccf4f05594ae47b5de5d334de04ab, type: 2}
    - target: {fileID: 377742049653076646, guid: d7065327a1134c64598c932933c9215a, type: 3}
      propertyPath: m_Materials.Array.data[0]
      value: 
      objectReference: {fileID: 2100000, guid: 12dae73d7249cd1458ec745dbb844838, type: 2}
    - target: {fileID: 377742049683828048, guid: d7065327a1134c64598c932933c9215a, type: 3}
      propertyPath: m_IsActive
      value: 0
      objectReference: {fileID: 0}
    - target: {fileID: 377742049761900648, guid: d7065327a1134c64598c932933c9215a, type: 3}
      propertyPath: ShapeModule.m_Scale.x
      value: 2.49
      objectReference: {fileID: 0}
    - target: {fileID: 377742049761900648, guid: d7065327a1134c64598c932933c9215a, type: 3}
      propertyPath: ShapeModule.m_Scale.y
      value: 4.24
      objectReference: {fileID: 0}
    - target: {fileID: 377742049761900648, guid: d7065327a1134c64598c932933c9215a, type: 3}
      propertyPath: InitialModule.startColor.maxColor.b
      value: 0.9923424
      objectReference: {fileID: 0}
    - target: {fileID: 377742049761900648, guid: d7065327a1134c64598c932933c9215a, type: 3}
      propertyPath: InitialModule.startColor.maxColor.g
      value: 1
      objectReference: {fileID: 0}
    - target: {fileID: 377742049761900648, guid: d7065327a1134c64598c932933c9215a, type: 3}
      propertyPath: InitialModule.startColor.maxColor.r
      value: 0.75
      objectReference: {fileID: 0}
    - target: {fileID: 377742049761900648, guid: d7065327a1134c64598c932933c9215a, type: 3}
      propertyPath: EmissionModule.m_Bursts.Array.data[0].countCurve.scalar
      value: 250
      objectReference: {fileID: 0}
    - target: {fileID: 377742049785495346, guid: d7065327a1134c64598c932933c9215a, type: 3}
      propertyPath: m_Materials.Array.data[0]
      value: 
      objectReference: {fileID: 2100000, guid: 778ccf4f05594ae47b5de5d334de04ab, type: 2}
    - target: {fileID: 377742049844005032, guid: d7065327a1134c64598c932933c9215a, type: 3}
      propertyPath: m_IsActive
      value: 0
      objectReference: {fileID: 0}
    - target: {fileID: 377742049854527102, guid: d7065327a1134c64598c932933c9215a, type: 3}
      propertyPath: m_IsActive
      value: 0
      objectReference: {fileID: 0}
    - target: {fileID: 377742049879993242, guid: d7065327a1134c64598c932933c9215a, type: 3}
      propertyPath: m_Materials.Array.data[0]
      value: 
      objectReference: {fileID: 2100000, guid: 778ccf4f05594ae47b5de5d334de04ab, type: 2}
    - target: {fileID: 377742049972938370, guid: d7065327a1134c64598c932933c9215a, type: 3}
      propertyPath: m_Materials.Array.data[0]
      value: 
      objectReference: {fileID: 2100000, guid: 778ccf4f05594ae47b5de5d334de04ab, type: 2}
    - target: {fileID: 377742050032257662, guid: d7065327a1134c64598c932933c9215a, type: 3}
      propertyPath: m_Materials.Array.data[0]
      value: 
      objectReference: {fileID: 2100000, guid: 778ccf4f05594ae47b5de5d334de04ab, type: 2}
    - target: {fileID: 377742050197719438, guid: d7065327a1134c64598c932933c9215a, type: 3}
      propertyPath: m_IsActive
      value: 0
      objectReference: {fileID: 0}
    - target: {fileID: 377742050236225712, guid: d7065327a1134c64598c932933c9215a, type: 3}
      propertyPath: m_IsActive
      value: 0
      objectReference: {fileID: 0}
    - target: {fileID: 377742050348344138, guid: d7065327a1134c64598c932933c9215a, type: 3}
      propertyPath: m_IsActive
      value: 0
      objectReference: {fileID: 0}
    - target: {fileID: 377742050405979427, guid: d7065327a1134c64598c932933c9215a, type: 3}
      propertyPath: m_IsActive
      value: 0
      objectReference: {fileID: 0}
    - target: {fileID: 377742050425471876, guid: d7065327a1134c64598c932933c9215a, type: 3}
      propertyPath: m_IsActive
      value: 1
      objectReference: {fileID: 0}
    - target: {fileID: 377742050425471877, guid: d7065327a1134c64598c932933c9215a, type: 3}
      propertyPath: m_Intensity
      value: 2.54
      objectReference: {fileID: 0}
    - target: {fileID: 377742050493599443, guid: d7065327a1134c64598c932933c9215a, type: 3}
      propertyPath: sharedProfile
      value: 
      objectReference: {fileID: 11400000, guid: 7fd4edfc025545b468379ddec839bfc2, type: 2}
    - target: {fileID: 377742050493599446, guid: d7065327a1134c64598c932933c9215a, type: 3}
      propertyPath: m_LocalPosition.x
      value: 2.72
      objectReference: {fileID: 0}
    - target: {fileID: 377742050493599446, guid: d7065327a1134c64598c932933c9215a, type: 3}
      propertyPath: m_LocalPosition.y
      value: 7.37
      objectReference: {fileID: 0}
    - target: {fileID: 377742050493599446, guid: d7065327a1134c64598c932933c9215a, type: 3}
      propertyPath: m_LocalPosition.z
      value: -4.27
      objectReference: {fileID: 0}
    - target: {fileID: 377742050591779432, guid: d7065327a1134c64598c932933c9215a, type: 3}
      propertyPath: m_IsActive
      value: 0
      objectReference: {fileID: 0}
    - target: {fileID: 377742050821490617, guid: d7065327a1134c64598c932933c9215a, type: 3}
      propertyPath: m_Materials.Array.data[0]
      value: 
      objectReference: {fileID: 2100000, guid: 778ccf4f05594ae47b5de5d334de04ab, type: 2}
    - target: {fileID: 377742050871462790, guid: d7065327a1134c64598c932933c9215a, type: 3}
      propertyPath: m_IsActive
      value: 0
      objectReference: {fileID: 0}
    - target: {fileID: 377742050925428778, guid: d7065327a1134c64598c932933c9215a, type: 3}
      propertyPath: m_IsActive
      value: 0
      objectReference: {fileID: 0}
    - target: {fileID: 377742050973673716, guid: d7065327a1134c64598c932933c9215a, type: 3}
      propertyPath: m_Materials.Array.data[0]
      value: 
      objectReference: {fileID: 2100000, guid: 30d27c7263ba9ca42a94abcae38a9513, type: 2}
    - target: {fileID: 377742051077533854, guid: d7065327a1134c64598c932933c9215a, type: 3}
      propertyPath: m_Materials.Array.data[0]
      value: 
      objectReference: {fileID: 2100000, guid: 778ccf4f05594ae47b5de5d334de04ab, type: 2}
    - target: {fileID: 377742051219914264, guid: d7065327a1134c64598c932933c9215a, type: 3}
      propertyPath: m_IsActive
      value: 0
      objectReference: {fileID: 0}
    - target: {fileID: 377742051247367511, guid: d7065327a1134c64598c932933c9215a, type: 3}
      propertyPath: m_Materials.Array.data[0]
      value: 
      objectReference: {fileID: 2100000, guid: 778ccf4f05594ae47b5de5d334de04ab, type: 2}
    - target: {fileID: 377742051319573451, guid: d7065327a1134c64598c932933c9215a, type: 3}
      propertyPath: m_Materials.Array.data[0]
      value: 
      objectReference: {fileID: 2100000, guid: 778ccf4f05594ae47b5de5d334de04ab, type: 2}
    - target: {fileID: 377742051328092226, guid: d7065327a1134c64598c932933c9215a, type: 3}
      propertyPath: m_IsActive
      value: 0
      objectReference: {fileID: 0}
    - target: {fileID: 377742051328092227, guid: d7065327a1134c64598c932933c9215a, type: 3}
      propertyPath: m_Enabled
      value: 1
      objectReference: {fileID: 0}
    - target: {fileID: 377742051328092227, guid: d7065327a1134c64598c932933c9215a, type: 3}
      propertyPath: m_Intensity
      value: 5
      objectReference: {fileID: 0}
    - target: {fileID: 377742051328092227, guid: d7065327a1134c64598c932933c9215a, type: 3}
      propertyPath: m_Shadows.m_Strength
      value: 1
      objectReference: {fileID: 0}
    - target: {fileID: 377742051340612694, guid: d7065327a1134c64598c932933c9215a, type: 3}
      propertyPath: m_Color.b
      value: 1
      objectReference: {fileID: 0}
    - target: {fileID: 377742051340612694, guid: d7065327a1134c64598c932933c9215a, type: 3}
      propertyPath: m_Color.g
      value: 0.43254173
      objectReference: {fileID: 0}
    - target: {fileID: 377742051340612694, guid: d7065327a1134c64598c932933c9215a, type: 3}
      propertyPath: m_Color.r
      value: 0.06132078
      objectReference: {fileID: 0}
    - target: {fileID: 377742051340612694, guid: d7065327a1134c64598c932933c9215a, type: 3}
      propertyPath: m_Intensity
      value: 4.32
      objectReference: {fileID: 0}
    - target: {fileID: 377742051559039838, guid: d7065327a1134c64598c932933c9215a, type: 3}
      propertyPath: m_Materials.Array.data[0]
      value: 
      objectReference: {fileID: 2100000, guid: 778ccf4f05594ae47b5de5d334de04ab, type: 2}
    - target: {fileID: 532826398798753389, guid: d7065327a1134c64598c932933c9215a, type: 3}
      propertyPath: m_Materials.Array.data[0]
      value: 
      objectReference: {fileID: 2100000, guid: e6a519416308ac64b87782e83d301c6e, type: 2}
    - target: {fileID: 891532445160397240, guid: d7065327a1134c64598c932933c9215a, type: 3}
      propertyPath: m_Materials.Array.data[0]
      value: 
      objectReference: {fileID: 2100000, guid: 105a5016db6c06d4ebfce04835f40891, type: 2}
    - target: {fileID: 1101320335314754405, guid: d7065327a1134c64598c932933c9215a, type: 3}
      propertyPath: m_Materials.Array.data[0]
      value: 
      objectReference: {fileID: 2100000, guid: 63a8ec547445e0946ab41a313fd4efdf, type: 2}
    - target: {fileID: 1134352050471228923, guid: d7065327a1134c64598c932933c9215a, type: 3}
      propertyPath: m_Materials.Array.data[0]
      value: 
      objectReference: {fileID: 2100000, guid: e6a519416308ac64b87782e83d301c6e, type: 2}
    - target: {fileID: 1172797818428752738, guid: d7065327a1134c64598c932933c9215a, type: 3}
      propertyPath: m_Materials.Array.data[0]
      value: 
      objectReference: {fileID: 2100000, guid: e6a519416308ac64b87782e83d301c6e, type: 2}
    - target: {fileID: 2942190628484184910, guid: d7065327a1134c64598c932933c9215a, type: 3}
      propertyPath: m_Materials.Array.data[0]
      value: 
      objectReference: {fileID: 2100000, guid: e6a519416308ac64b87782e83d301c6e, type: 2}
    - target: {fileID: 3049607330106454281, guid: d7065327a1134c64598c932933c9215a, type: 3}
      propertyPath: m_Materials.Array.data[0]
      value: 
      objectReference: {fileID: 2100000, guid: 33b0572628b80194d8d470400662d89a, type: 2}
    - target: {fileID: 3074306836797917244, guid: d7065327a1134c64598c932933c9215a, type: 3}
      propertyPath: m_Materials.Array.data[0]
      value: 
      objectReference: {fileID: 2100000, guid: e6a519416308ac64b87782e83d301c6e, type: 2}
    - target: {fileID: 3088016684529331959, guid: d7065327a1134c64598c932933c9215a, type: 3}
      propertyPath: m_Materials.Array.data[0]
      value: 
      objectReference: {fileID: 2100000, guid: 831822b0b5ccafe42b39ca5c6425f834, type: 2}
    - target: {fileID: 3228501758440931634, guid: d7065327a1134c64598c932933c9215a, type: 3}
      propertyPath: m_Materials.Array.data[0]
      value: 
      objectReference: {fileID: 2100000, guid: fad07c8830768ef4ab2b8f9f3d48b83a, type: 2}
    - target: {fileID: 3820058949151570376, guid: d7065327a1134c64598c932933c9215a, type: 3}
      propertyPath: m_Materials.Array.data[0]
      value: 
      objectReference: {fileID: 2100000, guid: e6a519416308ac64b87782e83d301c6e, type: 2}
    - target: {fileID: 3896037786612061462, guid: d7065327a1134c64598c932933c9215a, type: 3}
      propertyPath: m_IsActive
      value: 0
      objectReference: {fileID: 0}
    - target: {fileID: 4011465412209902591, guid: d7065327a1134c64598c932933c9215a, type: 3}
      propertyPath: m_Materials.Array.data[0]
      value: 
      objectReference: {fileID: 2100000, guid: d1f5d5604e06c2e439b5b4fa636d0737, type: 2}
    - target: {fileID: 4543733702084886215, guid: d7065327a1134c64598c932933c9215a, type: 3}
      propertyPath: m_Materials.Array.data[0]
      value: 
      objectReference: {fileID: 2100000, guid: 105a5016db6c06d4ebfce04835f40891, type: 2}
    - target: {fileID: 5153857405268097924, guid: d7065327a1134c64598c932933c9215a, type: 3}
      propertyPath: m_Materials.Array.data[0]
      value: 
      objectReference: {fileID: 2100000, guid: e6a519416308ac64b87782e83d301c6e, type: 2}
    - target: {fileID: 5203130336037863855, guid: d7065327a1134c64598c932933c9215a, type: 3}
      propertyPath: m_Materials.Array.data[0]
      value: 
      objectReference: {fileID: 2100000, guid: e6a519416308ac64b87782e83d301c6e, type: 2}
    - target: {fileID: 5487663903608979724, guid: d7065327a1134c64598c932933c9215a, type: 3}
      propertyPath: m_IsActive
      value: 1
      objectReference: {fileID: 0}
    - target: {fileID: 5649127380878263412, guid: d7065327a1134c64598c932933c9215a, type: 3}
      propertyPath: m_Materials.Array.data[0]
      value: 
      objectReference: {fileID: 2100000, guid: e6a519416308ac64b87782e83d301c6e, type: 2}
    - target: {fileID: 6076907056975292569, guid: d7065327a1134c64598c932933c9215a, type: 3}
      propertyPath: m_Materials.Array.data[0]
      value: 
      objectReference: {fileID: 2100000, guid: 96d19c42536ec19448f781cdad188546, type: 2}
    - target: {fileID: 6537277407853742768, guid: d7065327a1134c64598c932933c9215a, type: 3}
      propertyPath: m_Materials.Array.data[0]
      value: 
      objectReference: {fileID: 2100000, guid: 943791acdeea52e429e12e00f033bb20, type: 2}
    - target: {fileID: 6537277407853742768, guid: d7065327a1134c64598c932933c9215a, type: 3}
      propertyPath: m_Materials.Array.data[1]
      value: 
      objectReference: {fileID: 2100000, guid: 6a7526b38befd1c4f9d66cf35a4d6d81, type: 2}
    - target: {fileID: 7216582791537678587, guid: d7065327a1134c64598c932933c9215a, type: 3}
      propertyPath: m_RootOrder
      value: 2
      objectReference: {fileID: 0}
    - target: {fileID: 7216582791537678587, guid: d7065327a1134c64598c932933c9215a, type: 3}
      propertyPath: m_LocalPosition.x
      value: 0.1
      objectReference: {fileID: 0}
    - target: {fileID: 7216582791537678587, guid: d7065327a1134c64598c932933c9215a, type: 3}
      propertyPath: m_LocalPosition.y
      value: 0
      objectReference: {fileID: 0}
    - target: {fileID: 7216582791537678587, guid: d7065327a1134c64598c932933c9215a, type: 3}
      propertyPath: m_LocalPosition.z
      value: 0
      objectReference: {fileID: 0}
    - target: {fileID: 7216582791537678587, guid: d7065327a1134c64598c932933c9215a, type: 3}
      propertyPath: m_LocalRotation.w
      value: 0.26992843
      objectReference: {fileID: 0}
    - target: {fileID: 7216582791537678587, guid: d7065327a1134c64598c932933c9215a, type: 3}
      propertyPath: m_LocalRotation.x
      value: 0
      objectReference: {fileID: 0}
    - target: {fileID: 7216582791537678587, guid: d7065327a1134c64598c932933c9215a, type: 3}
      propertyPath: m_LocalRotation.y
      value: -0.96288043
      objectReference: {fileID: 0}
    - target: {fileID: 7216582791537678587, guid: d7065327a1134c64598c932933c9215a, type: 3}
      propertyPath: m_LocalRotation.z
      value: 0
      objectReference: {fileID: 0}
    - target: {fileID: 7216582791537678587, guid: d7065327a1134c64598c932933c9215a, type: 3}
      propertyPath: m_LocalEulerAnglesHint.x
      value: 0
      objectReference: {fileID: 0}
    - target: {fileID: 7216582791537678587, guid: d7065327a1134c64598c932933c9215a, type: 3}
      propertyPath: m_LocalEulerAnglesHint.y
      value: -148.68
      objectReference: {fileID: 0}
    - target: {fileID: 7216582791537678587, guid: d7065327a1134c64598c932933c9215a, type: 3}
      propertyPath: m_LocalEulerAnglesHint.z
      value: 0
      objectReference: {fileID: 0}
    - target: {fileID: 7484637121926949596, guid: d7065327a1134c64598c932933c9215a, type: 3}
      propertyPath: m_Materials.Array.data[0]
      value: 
      objectReference: {fileID: 2100000, guid: 3335ce863799d4342830a1039bd37195, type: 2}
    - target: {fileID: 7484637121926949596, guid: d7065327a1134c64598c932933c9215a, type: 3}
      propertyPath: m_Materials.Array.data[1]
      value: 
      objectReference: {fileID: 2100000, guid: 8d0014675ee3ad04ba1dc5f4684659b0, type: 2}
    - target: {fileID: 7600922567127929410, guid: d7065327a1134c64598c932933c9215a, type: 3}
      propertyPath: m_Materials.Array.data[0]
      value: 
      objectReference: {fileID: 2100000, guid: 44dc5f845a624ec4987123925342ba77, type: 2}
    - target: {fileID: 7600922567127929410, guid: d7065327a1134c64598c932933c9215a, type: 3}
      propertyPath: m_Materials.Array.data[1]
      value: 
      objectReference: {fileID: 2100000, guid: ea61bb2330a820e4c8793070abadfbad, type: 2}
    - target: {fileID: 7600922567127929410, guid: d7065327a1134c64598c932933c9215a, type: 3}
      propertyPath: m_Materials.Array.data[2]
      value: 
      objectReference: {fileID: 2100000, guid: 6cfaede419f1fb94aa3683e2292b2f60, type: 2}
    - target: {fileID: 7873840627048844448, guid: d7065327a1134c64598c932933c9215a, type: 3}
      propertyPath: m_Materials.Array.data[0]
      value: 
      objectReference: {fileID: 2100000, guid: e6a519416308ac64b87782e83d301c6e, type: 2}
    - target: {fileID: 8029253467123778113, guid: d7065327a1134c64598c932933c9215a, type: 3}
      propertyPath: m_Name
      value: stadiumDayToken Variant
      objectReference: {fileID: 0}
    - target: {fileID: 8406894898212319072, guid: d7065327a1134c64598c932933c9215a, type: 3}
      propertyPath: m_Materials.Array.data[0]
      value: 
      objectReference: {fileID: 2100000, guid: e6a519416308ac64b87782e83d301c6e, type: 2}
    - target: {fileID: 8424312335078573679, guid: d7065327a1134c64598c932933c9215a, type: 3}
      propertyPath: m_Materials.Array.data[0]
      value: 
      objectReference: {fileID: 2100000, guid: d1f5d5604e06c2e439b5b4fa636d0737, type: 2}
    - target: {fileID: 8463367872454382340, guid: d7065327a1134c64598c932933c9215a, type: 3}
      propertyPath: m_Materials.Array.data[0]
      value: 
      objectReference: {fileID: 2100000, guid: e6a519416308ac64b87782e83d301c6e, type: 2}
    - target: {fileID: 8514248699353004925, guid: d7065327a1134c64598c932933c9215a, type: 3}
      propertyPath: m_Materials.Array.data[0]
      value: 
      objectReference: {fileID: 2100000, guid: e6a519416308ac64b87782e83d301c6e, type: 2}
    - target: {fileID: 8627060168826423672, guid: d7065327a1134c64598c932933c9215a, type: 3}
      propertyPath: m_Materials.Array.data[0]
      value: 
      objectReference: {fileID: 2100000, guid: 105a5016db6c06d4ebfce04835f40891, type: 2}
    m_RemovedComponents: []
  m_SourcePrefab: {fileID: 100100000, guid: d7065327a1134c64598c932933c9215a, type: 3}
