%YAML 1.1
%TAG !u! tag:unity3d.com,2011:
--- !u!29 &1
OcclusionCullingSettings:
  m_ObjectHideFlags: 0
  serializedVersion: 2
  m_OcclusionBakeSettings:
    smallestOccluder: 5
    smallestHole: 0.25
    backfaceThreshold: 100
  m_SceneGUID: 00000000000000000000000000000000
  m_OcclusionCullingData: {fileID: 0}
--- !u!104 &2
RenderSettings:
  m_ObjectHideFlags: 0
  serializedVersion: 9
  m_Fog: 0
  m_FogColor: {r: 0.5, g: 0.5, b: 0.5, a: 1}
  m_FogMode: 3
  m_FogDensity: 0.01
  m_LinearFogStart: 0
  m_LinearFogEnd: 300
  m_AmbientSkyColor: {r: 0.212, g: 0.227, b: 0.259, a: 1}
  m_AmbientEquatorColor: {r: 0.114, g: 0.125, b: 0.133, a: 1}
  m_AmbientGroundColor: {r: 0.047, g: 0.043, b: 0.035, a: 1}
  m_AmbientIntensity: 1
  m_AmbientMode: 0
  m_SubtractiveShadowColor: {r: 0.627451, g: 0.41960785, b: 0.49672475, a: 1}
  m_SkyboxMaterial: {fileID: 2100000, guid: a6843458e52267c4f90a0403fe6168ea, type: 2}
  m_HaloStrength: 0.5
  m_FlareStrength: 1
  m_FlareFadeSpeed: 3
  m_HaloTexture: {fileID: 0}
  m_SpotCookie: {fileID: 10001, guid: 0000000000000000e000000000000000, type: 0}
  m_DefaultReflectionMode: 0
  m_DefaultReflectionResolution: 1024
  m_ReflectionBounces: 2
  m_ReflectionIntensity: 1
  m_CustomReflection: {fileID: 0}
  m_Sun: {fileID: 700204184}
  m_IndirectSpecularColor: {r: 0.171185, g: 0.18678248, b: 0.31217495, a: 1}
  m_UseRadianceAmbientProbe: 0
--- !u!157 &3
LightmapSettings:
  m_ObjectHideFlags: 0
  serializedVersion: 12
  m_GIWorkflowMode: 1
  m_GISettings:
    serializedVersion: 2
    m_BounceScale: 1
    m_IndirectOutputScale: 1
    m_AlbedoBoost: 1
    m_EnvironmentLightingMode: 0
    m_EnableBakedLightmaps: 1
    m_EnableRealtimeLightmaps: 0
  m_LightmapEditorSettings:
    serializedVersion: 12
    m_Resolution: 2
    m_BakeResolution: 40
    m_AtlasSize: 1024
    m_AO: 0
    m_AOMaxDistance: 1
    m_CompAOExponent: 1
    m_CompAOExponentDirect: 0
    m_ExtractAmbientOcclusion: 0
    m_Padding: 2
    m_LightmapParameters: {fileID: 0}
    m_LightmapsBakeMode: 1
    m_TextureCompression: 1
    m_FinalGather: 0
    m_FinalGatherFiltering: 1
    m_FinalGatherRayCount: 256
    m_ReflectionCompression: 2
    m_MixedBakeMode: 2
    m_BakeBackend: 1
    m_PVRSampling: 1
    m_PVRDirectSampleCount: 32
    m_PVRSampleCount: 500
    m_PVRBounces: 2
    m_PVREnvironmentSampleCount: 500
    m_PVREnvironmentReferencePointCount: 2048
    m_PVRFilteringMode: 2
    m_PVRDenoiserTypeDirect: 0
    m_PVRDenoiserTypeIndirect: 0
    m_PVRDenoiserTypeAO: 0
    m_PVRFilterTypeDirect: 0
    m_PVRFilterTypeIndirect: 0
    m_PVRFilterTypeAO: 0
    m_PVREnvironmentMIS: 0
    m_PVRCulling: 1
    m_PVRFilteringGaussRadiusDirect: 1
    m_PVRFilteringGaussRadiusIndirect: 5
    m_PVRFilteringGaussRadiusAO: 2
    m_PVRFilteringAtrousPositionSigmaDirect: 0.5
    m_PVRFilteringAtrousPositionSigmaIndirect: 2
    m_PVRFilteringAtrousPositionSigmaAO: 1
    m_ExportTrainingData: 0
    m_TrainingDataDestination: TrainingData
    m_LightProbeSampleCountMultiplier: 4
  m_LightingDataAsset: {fileID: 0}
  m_LightingSettings: {fileID: 4890085278179872738, guid: efb19d073c0c639468ca0b55d53ea457, type: 2}
--- !u!196 &4
NavMeshSettings:
  serializedVersion: 2
  m_ObjectHideFlags: 0
  m_BuildSettings:
    serializedVersion: 2
    agentTypeID: 0
    agentRadius: 0.5
    agentHeight: 2
    agentSlope: 45
    agentClimb: 0.4
    ledgeDropHeight: 0
    maxJumpAcrossDistance: 0
    minRegionArea: 2
    manualCellSize: 0
    cellSize: 0.16666667
    manualTileSize: 0
    tileSize: 256
    accuratePlacement: 0
    maxJobWorkers: 0
    preserveTilesOutsideBounds: 0
    debug:
      m_Flags: 0
  m_NavMeshData: {fileID: 0}
--- !u!1 &141889675
GameObject:
  m_ObjectHideFlags: 0
  m_CorrespondingSourceObject: {fileID: 0}
  m_PrefabInstance: {fileID: 0}
  m_PrefabAsset: {fileID: 0}
  serializedVersion: 6
  m_Component:
  - component: {fileID: 141889677}
  - component: {fileID: 141889676}
  m_Layer: 0
  m_Name: Reflection Probe
  m_TagString: Untagged
  m_Icon: {fileID: 0}
  m_NavMeshLayer: 0
  m_StaticEditorFlags: 0
  m_IsActive: 1
--- !u!215 &141889676
ReflectionProbe:
  m_ObjectHideFlags: 0
  m_CorrespondingSourceObject: {fileID: 0}
  m_PrefabInstance: {fileID: 0}
  m_PrefabAsset: {fileID: 0}
  m_GameObject: {fileID: 141889675}
  m_Enabled: 1
  serializedVersion: 2
  m_Type: 0
  m_Mode: 1
  m_RefreshMode: 0
  m_TimeSlicingMode: 0
  m_Resolution: 256
  m_UpdateFrequency: 0
  m_BoxSize: {x: 5000, y: 5000, z: 5000}
  m_BoxOffset: {x: 0, y: 0, z: 0}
  m_NearClip: 0.3
  m_FarClip: 1000
  m_ShadowDistance: 100
  m_ClearFlags: 1
  m_BackGroundColor: {r: 0.19215687, g: 0.3019608, b: 0.4745098, a: 0}
  m_CullingMask:
    serializedVersion: 2
    m_Bits: 4294967295
  m_IntensityMultiplier: 1
  m_BlendDistance: 1
  m_HDR: 1
  m_BoxProjection: 0
  m_RenderDynamicObjects: 0
  m_UseOcclusionCulling: 1
  m_Importance: 1
  m_CustomBakedTexture: {fileID: 0}
--- !u!4 &141889677
Transform:
  m_ObjectHideFlags: 0
  m_CorrespondingSourceObject: {fileID: 0}
  m_PrefabInstance: {fileID: 0}
  m_PrefabAsset: {fileID: 0}
  m_GameObject: {fileID: 141889675}
  m_LocalRotation: {x: 0, y: 0, z: 0, w: 1}
  m_LocalPosition: {x: -1.558, y: 10.62, z: -0.741}
  m_LocalScale: {x: 1, y: 1, z: 1}
  m_ConstrainProportionsScale: 0
  m_Children: []
  m_Father: {fileID: 0}
  m_RootOrder: 3
  m_LocalEulerAnglesHint: {x: 0, y: 0, z: 0}
--- !u!1 &493478923
GameObject:
  m_ObjectHideFlags: 0
  m_CorrespondingSourceObject: {fileID: 0}
  m_PrefabInstance: {fileID: 0}
  m_PrefabAsset: {fileID: 0}
  serializedVersion: 6
  m_Component:
  - component: {fileID: 493478927}
  - component: {fileID: 493478926}
  - component: {fileID: 493478925}
  - component: {fileID: 493478924}
  m_Layer: 0
  m_Name: CUBEPINK
  m_TagString: Untagged
  m_Icon: {fileID: 0}
  m_NavMeshLayer: 0
  m_StaticEditorFlags: 1
  m_IsActive: 0
--- !u!65 &493478924
BoxCollider:
  m_ObjectHideFlags: 0
  m_CorrespondingSourceObject: {fileID: 0}
  m_PrefabInstance: {fileID: 0}
  m_PrefabAsset: {fileID: 0}
  m_GameObject: {fileID: 493478923}
  m_Material: {fileID: 0}
  m_IsTrigger: 0
  m_Enabled: 1
  serializedVersion: 2
  m_Size: {x: 1, y: 1, z: 1}
  m_Center: {x: 0, y: 0, z: 0}
--- !u!23 &493478925
MeshRenderer:
  m_ObjectHideFlags: 0
  m_CorrespondingSourceObject: {fileID: 0}
  m_PrefabInstance: {fileID: 0}
  m_PrefabAsset: {fileID: 0}
  m_GameObject: {fileID: 493478923}
  m_Enabled: 1
  m_CastShadows: 0
  m_ReceiveShadows: 0
  m_DynamicOccludee: 1
  m_StaticShadowCaster: 0
  m_MotionVectors: 1
  m_LightProbeUsage: 1
  m_ReflectionProbeUsage: 1
  m_RayTracingMode: 2
  m_RayTraceProcedural: 0
  m_RenderingLayerMask: 1
  m_RendererPriority: 0
  m_Materials:
  - {fileID: 2100000, guid: d42ba4ecfba0f6c4ba92a987fea45a3c, type: 2}
  m_StaticBatchInfo:
    firstSubMesh: 0
    subMeshCount: 0
  m_StaticBatchRoot: {fileID: 0}
  m_ProbeAnchor: {fileID: 0}
  m_LightProbeVolumeOverride: {fileID: 0}
  m_ScaleInLightmap: 1
  m_ReceiveGI: 2
  m_PreserveUVs: 0
  m_IgnoreNormalsForChartDetection: 0
  m_ImportantGI: 0
  m_StitchLightmapSeams: 1
  m_SelectedEditorRenderState: 3
  m_MinimumChartSize: 4
  m_AutoUVMaxDistance: 0.5
  m_AutoUVMaxAngle: 89
  m_LightmapParameters: {fileID: 0}
  m_SortingLayerID: 0
  m_SortingLayer: 0
  m_SortingOrder: 0
  m_AdditionalVertexStreams: {fileID: 0}
--- !u!33 &493478926
MeshFilter:
  m_ObjectHideFlags: 0
  m_CorrespondingSourceObject: {fileID: 0}
  m_PrefabInstance: {fileID: 0}
  m_PrefabAsset: {fileID: 0}
  m_GameObject: {fileID: 493478923}
  m_Mesh: {fileID: 10202, guid: 0000000000000000e000000000000000, type: 0}
--- !u!4 &493478927
Transform:
  m_ObjectHideFlags: 0
  m_CorrespondingSourceObject: {fileID: 0}
  m_PrefabInstance: {fileID: 0}
  m_PrefabAsset: {fileID: 0}
  m_GameObject: {fileID: 493478923}
  m_LocalRotation: {x: -0.09911008, y: 0.5769219, z: 0.23994812, w: 0.7744438}
  m_LocalPosition: {x: 2.85, y: 2.6, z: 0.99}
  m_LocalScale: {x: 2.5924582, y: 2.5924582, z: 2.5924582}
  m_ConstrainProportionsScale: 0
  m_Children: []
  m_Father: {fileID: 0}
  m_RootOrder: 0
  m_LocalEulerAnglesHint: {x: -25.491, y: 69.597, z: 16.561}
--- !u!108 &700204184 stripped
Light:
  m_CorrespondingSourceObject: {fileID: 700204184, guid: 9221b8e79cb2d9d4dae891a5d7753354, type: 3}
  m_PrefabInstance: {fileID: 9028697873612637389}
  m_PrefabAsset: {fileID: 0}
--- !u!1 &1158296628
GameObject:
  m_ObjectHideFlags: 0
  m_CorrespondingSourceObject: {fileID: 0}
  m_PrefabInstance: {fileID: 0}
  m_PrefabAsset: {fileID: 0}
  serializedVersion: 6
  m_Component:
  - component: {fileID: 1158296630}
  - component: {fileID: 1158296629}
  m_Layer: 0
  m_Name: Light Probe Group
  m_TagString: Untagged
  m_Icon: {fileID: 0}
  m_NavMeshLayer: 0
  m_StaticEditorFlags: 0
  m_IsActive: 1
--- !u!220 &1158296629
LightProbeGroup:
  m_ObjectHideFlags: 0
  m_CorrespondingSourceObject: {fileID: 0}
  m_PrefabInstance: {fileID: 0}
  m_PrefabAsset: {fileID: 0}
  m_GameObject: {fileID: 1158296628}
  m_Enabled: 1
  m_SourcePositions:
  - {x: 1, y: 1, z: 1}
  - {x: 1, y: 1, z: -1}
  - {x: 1, y: -1, z: 1}
  - {x: 1, y: -1, z: -1}
  - {x: -1, y: 1, z: 1}
  - {x: -1, y: 1, z: -1}
  - {x: -1, y: -1, z: 1}
  - {x: -1, y: -1, z: -1}
  - {x: 1, y: 1, z: 1}
  - {x: 1, y: 1, z: -1}
  - {x: 1, y: -1, z: 1}
  - {x: 1, y: -1, z: -1}
  - {x: 2.9937382, y: 1, z: 1.0654187}
  - {x: 2.993738, y: 1, z: -0.9345809}
  - {x: 2.9937382, y: -1, z: 1.0654187}
  - {x: 2.993738, y: -1, z: -0.9345809}
  - {x: 4.4191375, y: 1, z: 1.088276}
  - {x: 4.4191365, y: 1, z: -0.9117239}
  - {x: 4.4191375, y: -1, z: 1.088276}
  - {x: 4.4191365, y: -1, z: -0.9117239}
  - {x: 6.034861, y: 1, z: 1.0354019}
  - {x: 6.034861, y: 1, z: -0.9645977}
  - {x: 6.034861, y: -1, z: 1.0354019}
  - {x: 6.034861, y: -1, z: -0.9645977}
  - {x: -3.2799911, y: 1, z: 0.87908965}
  - {x: -3.2799914, y: 1, z: -1.1209104}
  - {x: -3.2799911, y: -1, z: 0.87908965}
  - {x: -3.2799914, y: -1, z: -1.1209104}
  - {x: -6.350102, y: 1, z: 0.748233}
  - {x: -6.350102, y: 1, z: -1.2517673}
  - {x: -6.350102, y: -1, z: 0.748233}
  - {x: -6.350102, y: -1, z: -1.2517673}
  - {x: -8.894788, y: 1, z: 0.8845701}
  - {x: -8.894788, y: 1, z: -1.1154298}
  - {x: -8.894788, y: -1, z: 0.8845701}
  - {x: -8.894788, y: -1, z: -1.1154298}
  - {x: 0.94395155, y: 1, z: -2.440115}
  - {x: 0.94395155, y: -1, z: -2.440115}
  - {x: -1.0560485, y: 1, z: -2.440115}
  - {x: -1.0560485, y: -1, z: -2.440115}
  - {x: 0.94395155, y: 1, z: -2.440115}
  - {x: 0.94395155, y: -1, z: -2.440115}
  - {x: 2.9376898, y: 1, z: -2.374696}
  - {x: 2.9376898, y: -1, z: -2.374696}
  - {x: 4.3630886, y: 1, z: -2.351839}
  - {x: 4.3630886, y: -1, z: -2.351839}
  - {x: 5.978813, y: 1, z: -2.404713}
  - {x: 5.978813, y: -1, z: -2.404713}
  - {x: -3.3360395, y: 1, z: -2.5610256}
  - {x: -3.3360395, y: -1, z: -2.5610256}
  - {x: -6.406151, y: 1, z: -2.6918821}
  - {x: -6.406151, y: -1, z: -2.6918821}
  - {x: -8.950836, y: 1, z: -2.5555449}
  - {x: -8.950836, y: -1, z: -2.5555449}
  - {x: 0.91643524, y: 1, z: -4.7125287}
  - {x: 0.91643524, y: -1, z: -4.7125287}
  - {x: -1.083565, y: 1, z: -4.7125287}
  - {x: -1.083565, y: -1, z: -4.7125287}
  - {x: 0.91643524, y: 1, z: -4.7125287}
  - {x: 0.91643524, y: -1, z: -4.7125287}
  - {x: 2.910174, y: 1, z: -4.64711}
  - {x: 2.910174, y: -1, z: -4.64711}
  - {x: 4.3355722, y: 1, z: -4.6242533}
  - {x: 4.3355722, y: -1, z: -4.6242533}
  - {x: 5.951297, y: 1, z: -4.677127}
  - {x: 5.951297, y: -1, z: -4.677127}
  - {x: -3.3635564, y: 1, z: -4.8334394}
  - {x: -3.3635564, y: -1, z: -4.8334394}
  - {x: -6.433668, y: 1, z: -4.964296}
  - {x: -6.433668, y: -1, z: -4.964296}
  - {x: -8.978355, y: 1, z: -4.8279586}
  - {x: -8.978355, y: -1, z: -4.8279586}
  m_Dering: 1
--- !u!4 &1158296630
Transform:
  m_ObjectHideFlags: 0
  m_CorrespondingSourceObject: {fileID: 0}
  m_PrefabInstance: {fileID: 0}
  m_PrefabAsset: {fileID: 0}
  m_GameObject: {fileID: 1158296628}
  m_LocalRotation: {x: -0, y: 0.37586197, z: -0, w: 0.9266757}
  m_LocalPosition: {x: 0.12783739, y: 0.7822566, z: 0}
  m_LocalScale: {x: 1, y: 1, z: 1}
  m_ConstrainProportionsScale: 0
  m_Children: []
  m_Father: {fileID: 0}
  m_RootOrder: 2
  m_LocalEulerAnglesHint: {x: 0, y: 44.155, z: 0}
--- !u!1001 &9028697873612637389
PrefabInstance:
  m_ObjectHideFlags: 0
  serializedVersion: 2
  m_Modification:
    m_TransformParent: {fileID: 0}
    m_Modifications:
    - target: {fileID: 700204184, guid: 9221b8e79cb2d9d4dae891a5d7753354, type: 3}
      propertyPath: m_Color.b
      value: 0.8254717
      objectReference: {fileID: 0}
    - target: {fileID: 700204184, guid: 9221b8e79cb2d9d4dae891a5d7753354, type: 3}
      propertyPath: m_Color.g
      value: 0.9784089
      objectReference: {fileID: 0}
    - target: {fileID: 700204184, guid: 9221b8e79cb2d9d4dae891a5d7753354, type: 3}
      propertyPath: m_Color.r
      value: 1
      objectReference: {fileID: 0}
    - target: {fileID: 1328938604, guid: 9221b8e79cb2d9d4dae891a5d7753354, type: 3}
      propertyPath: m_LocalPosition.y
      value: 3.2
      objectReference: {fileID: 0}
    - target: {fileID: 1328938604, guid: 9221b8e79cb2d9d4dae891a5d7753354, type: 3}
      propertyPath: m_LocalRotation.w
      value: 0.3774186
      objectReference: {fileID: 0}
    - target: {fileID: 1328938604, guid: 9221b8e79cb2d9d4dae891a5d7753354, type: 3}
      propertyPath: m_LocalRotation.x
      value: 0.06325978
      objectReference: {fileID: 0}
    - target: {fileID: 1328938604, guid: 9221b8e79cb2d9d4dae891a5d7753354, type: 3}
      propertyPath: m_LocalRotation.y
      value: 0.9111692
      objectReference: {fileID: 0}
    - target: {fileID: 1328938604, guid: 9221b8e79cb2d9d4dae891a5d7753354, type: 3}
      propertyPath: m_LocalRotation.z
      value: -0.15272261
      objectReference: {fileID: 0}
    - target: {fileID: 1328938604, guid: 9221b8e79cb2d9d4dae891a5d7753354, type: 3}
      propertyPath: m_LocalEulerAnglesHint.x
      value: 19.03
      objectReference: {fileID: 0}
    - target: {fileID: 1328938604, guid: 9221b8e79cb2d9d4dae891a5d7753354, type: 3}
      propertyPath: m_LocalEulerAnglesHint.y
      value: 135
      objectReference: {fileID: 0}
    - target: {fileID: 1649674729, guid: 9221b8e79cb2d9d4dae891a5d7753354, type: 3}
      propertyPath: m_CastShadows
      value: 0
      objectReference: {fileID: 0}
    - target: {fileID: 1649674729, guid: 9221b8e79cb2d9d4dae891a5d7753354, type: 3}
      propertyPath: m_ReceiveShadows
      value: 0
      objectReference: {fileID: 0}
    - target: {fileID: 1649674731, guid: 9221b8e79cb2d9d4dae891a5d7753354, type: 3}
      propertyPath: m_LocalScale.y
      value: 28.534248
      objectReference: {fileID: 0}
    - target: {fileID: 1649674731, guid: 9221b8e79cb2d9d4dae891a5d7753354, type: 3}
      propertyPath: m_LocalPosition.x
      value: -1.5
      objectReference: {fileID: 0}
    - target: {fileID: 1649674731, guid: 9221b8e79cb2d9d4dae891a5d7753354, type: 3}
      propertyPath: m_LocalPosition.y
      value: 16.3
      objectReference: {fileID: 0}
    - target: {fileID: 1649674731, guid: 9221b8e79cb2d9d4dae891a5d7753354, type: 3}
      propertyPath: m_LocalPosition.z
      value: 105.4
      objectReference: {fileID: 0}
    - target: {fileID: 1771922338, guid: 9221b8e79cb2d9d4dae891a5d7753354, type: 3}
      propertyPath: m_Color.b
      value: 1
      objectReference: {fileID: 0}
    - target: {fileID: 1771922338, guid: 9221b8e79cb2d9d4dae891a5d7753354, type: 3}
      propertyPath: m_Color.g
      value: 1
      objectReference: {fileID: 0}
    - target: {fileID: 1771922338, guid: 9221b8e79cb2d9d4dae891a5d7753354, type: 3}
      propertyPath: m_Color.r
      value: 1
      objectReference: {fileID: 0}
    - target: {fileID: 1857169202, guid: 9221b8e79cb2d9d4dae891a5d7753354, type: 3}
      propertyPath: m_LocalPosition.x
      value: 2.77
      objectReference: {fileID: 0}
    - target: {fileID: 1857169202, guid: 9221b8e79cb2d9d4dae891a5d7753354, type: 3}
      propertyPath: m_LocalPosition.y
      value: 4.96
      objectReference: {fileID: 0}
    - target: {fileID: 1857169202, guid: 9221b8e79cb2d9d4dae891a5d7753354, type: 3}
      propertyPath: m_LocalPosition.z
      value: 24.99
      objectReference: {fileID: 0}
    - target: {fileID: 1857169203, guid: 9221b8e79cb2d9d4dae891a5d7753354, type: 3}
      propertyPath: m_CastShadows
      value: 0
      objectReference: {fileID: 0}
    - target: {fileID: 1857169203, guid: 9221b8e79cb2d9d4dae891a5d7753354, type: 3}
      propertyPath: m_ReceiveShadows
      value: 0
      objectReference: {fileID: 0}
    - target: {fileID: 2055222702, guid: 9221b8e79cb2d9d4dae891a5d7753354, type: 3}
      propertyPath: m_Color.b
      value: 0.46797416
      objectReference: {fileID: 0}
    - target: {fileID: 2055222702, guid: 9221b8e79cb2d9d4dae891a5d7753354, type: 3}
      propertyPath: m_Color.g
      value: 0.23371306
      objectReference: {fileID: 0}
    - target: {fileID: 2055222702, guid: 9221b8e79cb2d9d4dae891a5d7753354, type: 3}
      propertyPath: m_Color.r
      value: 0.49056602
      objectReference: {fileID: 0}
    - target: {fileID: 3889756967535214761, guid: 9221b8e79cb2d9d4dae891a5d7753354, type: 3}
      propertyPath: m_CastShadows
      value: 0
      objectReference: {fileID: 0}
    - target: {fileID: 3889756967535214761, guid: 9221b8e79cb2d9d4dae891a5d7753354, type: 3}
      propertyPath: m_ReceiveShadows
      value: 0
      objectReference: {fileID: 0}
    - target: {fileID: 4237368936969952547, guid: 9221b8e79cb2d9d4dae891a5d7753354, type: 3}
      propertyPath: m_LocalPosition.x
      value: 2.8
      objectReference: {fileID: 0}
    - target: {fileID: 4237368936969952547, guid: 9221b8e79cb2d9d4dae891a5d7753354, type: 3}
      propertyPath: m_LocalPosition.y
      value: 7.3
      objectReference: {fileID: 0}
    - target: {fileID: 4237368936969952547, guid: 9221b8e79cb2d9d4dae891a5d7753354, type: 3}
      propertyPath: m_LocalPosition.z
      value: 24.3
      objectReference: {fileID: 0}
    - target: {fileID: 4237368936969952547, guid: 9221b8e79cb2d9d4dae891a5d7753354, type: 3}
      propertyPath: m_LocalRotation.w
      value: 0.34109238
      objectReference: {fileID: 0}
    - target: {fileID: 4237368936969952547, guid: 9221b8e79cb2d9d4dae891a5d7753354, type: 3}
      propertyPath: m_LocalRotation.x
      value: -0.098348245
      objectReference: {fileID: 0}
    - target: {fileID: 4237368936969952547, guid: 9221b8e79cb2d9d4dae891a5d7753354, type: 3}
      propertyPath: m_LocalRotation.y
      value: -0.89949197
      objectReference: {fileID: 0}
    - target: {fileID: 4237368936969952547, guid: 9221b8e79cb2d9d4dae891a5d7753354, type: 3}
      propertyPath: m_LocalRotation.z
      value: 0.2547505
      objectReference: {fileID: 0}
    - target: {fileID: 4237368936969952547, guid: 9221b8e79cb2d9d4dae891a5d7753354, type: 3}
      propertyPath: m_LocalEulerAnglesHint.x
      value: 23.029
      objectReference: {fileID: 0}
    - target: {fileID: 4237368936969952547, guid: 9221b8e79cb2d9d4dae891a5d7753354, type: 3}
      propertyPath: m_LocalEulerAnglesHint.y
      value: -133.846
      objectReference: {fileID: 0}
    - target: {fileID: 4237368936969952547, guid: 9221b8e79cb2d9d4dae891a5d7753354, type: 3}
      propertyPath: m_LocalEulerAnglesHint.z
      value: 22.401
      objectReference: {fileID: 0}
    - target: {fileID: 5050138165380831283, guid: 9221b8e79cb2d9d4dae891a5d7753354, type: 3}
      propertyPath: m_ReceiveGI
      value: 2
      objectReference: {fileID: 0}
    - target: {fileID: 5050138165380831283, guid: 9221b8e79cb2d9d4dae891a5d7753354, type: 3}
      propertyPath: m_ReceiveShadows
      value: 1
      objectReference: {fileID: 0}
    - target: {fileID: 5431571142155616865, guid: 9221b8e79cb2d9d4dae891a5d7753354, type: 3}
      propertyPath: m_StaticEditorFlags
      value: 1
      objectReference: {fileID: 0}
    - target: {fileID: 8182206203147575997, guid: 9221b8e79cb2d9d4dae891a5d7753354, type: 3}
      propertyPath: m_Name
      value: cityToken
      objectReference: {fileID: 0}
    - target: {fileID: 8395263017335004109, guid: 9221b8e79cb2d9d4dae891a5d7753354, type: 3}
      propertyPath: m_CastShadows
      value: 0
      objectReference: {fileID: 0}
    - target: {fileID: 8395263017335004109, guid: 9221b8e79cb2d9d4dae891a5d7753354, type: 3}
      propertyPath: m_ReceiveShadows
      value: 0
      objectReference: {fileID: 0}
    - target: {fileID: 8846997783449417735, guid: 9221b8e79cb2d9d4dae891a5d7753354, type: 3}
      propertyPath: m_RootOrder
      value: 1
      objectReference: {fileID: 0}
    - target: {fileID: 8846997783449417735, guid: 9221b8e79cb2d9d4dae891a5d7753354, type: 3}
      propertyPath: m_LocalPosition.x
      value: -3.13
      objectReference: {fileID: 0}
    - target: {fileID: 8846997783449417735, guid: 9221b8e79cb2d9d4dae891a5d7753354, type: 3}
      propertyPath: m_LocalPosition.y
      value: -0.08
      objectReference: {fileID: 0}
    - target: {fileID: 8846997783449417735, guid: 9221b8e79cb2d9d4dae891a5d7753354, type: 3}
      propertyPath: m_LocalPosition.z
      value: -0.25
      objectReference: {fileID: 0}
    - target: {fileID: 8846997783449417735, guid: 9221b8e79cb2d9d4dae891a5d7753354, type: 3}
      propertyPath: m_LocalRotation.w
      value: 0.92387956
      objectReference: {fileID: 0}
    - target: {fileID: 8846997783449417735, guid: 9221b8e79cb2d9d4dae891a5d7753354, type: 3}
      propertyPath: m_LocalRotation.x
      value: 0
      objectReference: {fileID: 0}
    - target: {fileID: 8846997783449417735, guid: 9221b8e79cb2d9d4dae891a5d7753354, type: 3}
      propertyPath: m_LocalRotation.y
      value: 0.38268343
      objectReference: {fileID: 0}
    - target: {fileID: 8846997783449417735, guid: 9221b8e79cb2d9d4dae891a5d7753354, type: 3}
      propertyPath: m_LocalRotation.z
      value: 0
      objectReference: {fileID: 0}
    - target: {fileID: 8846997783449417735, guid: 9221b8e79cb2d9d4dae891a5d7753354, type: 3}
      propertyPath: m_LocalEulerAnglesHint.x
      value: 0
      objectReference: {fileID: 0}
    - target: {fileID: 8846997783449417735, guid: 9221b8e79cb2d9d4dae891a5d7753354, type: 3}
      propertyPath: m_LocalEulerAnglesHint.y
      value: 45
      objectReference: {fileID: 0}
    - target: {fileID: 8846997783449417735, guid: 9221b8e79cb2d9d4dae891a5d7753354, type: 3}
      propertyPath: m_LocalEulerAnglesHint.z
      value: 0
      objectReference: {fileID: 0}
    m_RemovedComponents: []
  m_SourcePrefab: {fileID: 100100000, guid: 9221b8e79cb2d9d4dae891a5d7753354, type: 3}
